4454 5614
957 312 1000 325 ..
1042 255 1168 382 ’151-

230 487 311 554 Illee
334 494 441 553 autem
477 487 597 550 formas
632 484 718 551 inter
751 503 787 550 se
823 501 895 550 esse
930 487 1070 548 mutatas
1106 481 1266 561 ridemus,
1300 484 1396 567 quod,
1433 484 1489 567 qui
1509 483 1641 552 Antbol.
1663 485 1729 550 XV
1751 481 1892 566 44-47,

231 589 370 656 Planud.
381 588 551 654 eae-381
575 584 746 670 Πορφύριος
767 587 895 672 saepius
917 593 1065 662 vocatas,
1075 585 1181 650 eidem
1203 605 1321 664 nemen
1340 586 1474 652 inditum
1502 586 1780 673 eutPorpbyrio
1801 585 1896 652 -onii

232 690 425 759 aMartiale
449 691 498 756 13.
522 687 572 756 78.
596 687 625 756 8.
666 691 740 755 Jam
765 689 883 758 Bacch.
905 687 968 754 946
991 688 1066 754 AD:
1089 690 1352 772 Agamemno,
1386 688 1426 753 C:
1457 692 1699 774 Agamenno,
1722 689 1764 755 B:
1791 692 1893 776 Aga·

232 815 407 862 memnon
430 800 598 860 testantur.
643 791 748 858 Metro
770 813 835 856 non
857 797 1106 876 repugnaturum
1137 792 1271 856 sormam
1293 793 1548 877 Agamemino
1581 792 1663 858 vidit
1694 792 1893 860 Ritsohelius

234 899 314 983 Opp.
336 897 369 962 11
390 919 422 982 p.
445 893 519 978 468,
551 893 630 960 nihil
652 893 740 960 aliud
769 895 809 960 de
838 895 900 960 boe
930 895 1059 962 nomine
1095 895 1193 962 statui
1226 913 1323 978 posse
1358 901 1457 962 ratus.
1516 895 1747 964 Fleckeisenus
1783 905 1890 966 cutem

235 999 497 1086 Agamemino,
530 997 750 1083 posteaNov.
789 1019 861 1066 aun.
886 996 973 1064 1873
993 1017 1026 1082 p.
1042 995 1106 1063 506
1142 998 1621 1084 proposuitllgameminue.
1673 999 1738 1066 Sed
1773 1020 1890 1066 nomen

232 1103 497 1190 vulgatissimum,
521 1101 609 1185 qued
629 1101 663 1165 iu
684 1101 863 1186 tragoediis
884 1100 994 1166 latinis
1028 1110 1086 1188 est
1100 1106 1346 1188 Agamemno
1367 1101 1424 1168 cir.
1448 1099 1544 1168 Ribb.
1566 1121 1598 1186 p.
1612 1100 1684 1184 157,
1706 1100 1779 1186 237,
1801 1122 1903 1188 prae·-

235 1206 347 1272 sertim
369 1223 440 1271 oum
460 1203 582 1270 nullum
605 1203 775 1288 vestigium
796 1203 929 1270 alterius
951 1203 1102 1270 lectionis
1135 1205 1166 1270 iu
1200 1204 1291 1270 libris
1319 1211 1485 1294 appareat,
1517 1225 1583 1270 nou
1605 1205 1806 1272 tentaverim.
1850 1205 1904 1271 Et..

231 1308 259 1373 si
280 1315 368 1374 esset
389 1307 445 1373 illa
467 1306 564 1373 lectio
587 1326 675 1383 vera,
697 1327 813 1372 nomen
835 1326 987 1392 graecum
1010 1314 1234 1392 prototypum¹
1254 1314 1342 1374 esset
1361 1305 1583 1386 *Ἀγάμεμνορ
1628 1307 1710 1372 Nam
1732 1307 1903 1392 permulta.

234 1417 308 1476 sunl
340 1412 470 1477 nomina
489 1408 669 1494 composita
702 1409 900 1476 diversarum
924 1410 1080 1494 stirpium,
1104 1429 1189 1494 quae
1223 1409 1287 1476 iem
1308 1411 1340 1473 in
1362 1429 1482 1495 graeca
1502 1410 1614 1495 lingua
1641 1411 1838 1477 mansiernnt
1857 1412 1900 1476 in·

233 1513 400 1579 flexionem
422 1513 568 1598 stirpium
583 1512 615 1576 in
632 1513 685 1593 ,o‘‚
706 1512 804 1589 velut,
826 1521 862 1578 ut
877 1533 981 1594 unam,
998 1532 1081 1596 quoe
1103 1514 1164 1578 buc
1179 1513 1315 1578 numme
1337 1513 1509 1600 pertinent,
1527 1512 1755 1579 vocabulorum
1771 1515 1886 1580 seriem

231 1615 449 1700 respiciamus,
472 1615 589 1698 stirpes
610 1615 740 1680 casales
762 1616 795 1680 iu
815 1640 832 1677 ν
853 1616 975 1680 babent
997 1633 1096 1700 saepe
1119 1614 1239 1682 exitum
1261 1636 1304 1690 ος,
1327 1615 1383 1698 qui
1404 1614 1497 1681 simul
1518 1636 1588 1682 oum
1610 1617 1698 1682 exitu
1719 1641 1763 1678 ων
1783 1617 1817 1682 iu
1833 1636 1900 1682 usu·

233 1726 320 1784 eret:
335 1719 482 1800 ’Λντιφος
499 1715 687 1799 ’Aru-priv,
708 1717 857 1797 Εόδαιμος
879 1715 1065 1798 Eleaque,
1089 1717 1247 1798 Θεόγειτος
1269 1719 1452 1798 Θεο·γεύτινν
1483 1719 1645 1804 multaque
1665 1719 1730 1785 alia
1751 1719 1903 1799 nomina,

234 1840 316 1905 quae
336 1844 429 1902 νειτος
451 1829 484 1887 ei
505 1845 609 1902 γειτων
642 1822 731 1888 inter
751 1840 787 1886 ee
819 1821 959 1903 variant,
992 1821 1123 1903 Τήλεφος
1147 1824 1297 1904 Τηλεφιύν.
1342 1826 1448 1907 Atque
1469 1823 1566 1888 eliam
1584 1819 1730 1905 Ἀχέρων,
1766 1823 1821 1906 qui
1841 1829 1905 1888 eet.

234 1925 318 2008 apud
351 1923 499 2002 Plautum
523 1915 723 2006 Accberuns,
759 1923 793 1989 iu
816 1925 937 2008 Magna
960 1923 1101 1990 Graecia
1137 1925 1576 2011 vocabatur”A1rpo;‚,quae
1608 1925 1711 1992 torma
1746 1925 1839 1992 deest
1858 1927 1892 1990 in

232 2026 403 2094 Benseleri
423 2027 540 2095 lexico.
579 2011 667 2094 'Nam
687 2027 771 2092 idern
795 2025 908 2090 fluvius
925 2027 1122 2092 Bruttiorum
1138 2048 1158 2092 ιι
1175 2026 1337 2094 Strabone
1354 2029 1411 2096 Vl.
1424 2029 1497 2108 256,
1512 2028 1618 2094 Plinio
1633 2028 1726 2096 111.5
1740 2028 1901 2095 Acheron.

232 2130 423 2216 appellatur,
446 2151 540 2215 quem
563 2132 633 2199 biv.
652 2129 750 2198 .vl11.
773 2127 826 2194 24.
851 2128 890 2192 ll
915 2130 1022 2208 ,Jure
1045 2133 1224 2197 Acheros
1262 2132 1433 2197 vocaris‘
1470 2131 1573 2196 forma
1599 2130 1728 2198 aliunde
1759 2151 1903 2215 prorsus·

232 2233 346 2318 ignota
366 2234 506 2302 ornavit.
551 2235 665 2318 ltaque
688 2243 724 2299 ut
745 2252 840 2299 nemo
862 2234 896 2299 in
918 2235 980 2299 boc
1000 2235 1129 2300 nomine
1160 2236 1329 2300 transitum
1363 2235 1467 2302 exitus
1488 2259 1532 2320 ων
1552 2235 1585 2299 in
1608 2235 1666 2314 ,us‘
1688 2253 1709 2300 a
1730 2235 1905 2300 veteribus:

232 2337 442 2422 scriptoribus
464 2336 573 2404 latinis
612 2338 794 2403 adamatum
816 2332 1048 2420 probaverim)
1084 2338 1130 2404 ite
1150 2339 1248 2403 etism
1283 2340 1566 2406 commutationem
1601 2338 1785 2415 formarum,
1808 2356 1904 2421 quae·

234 2440 440 2524 cognoscitur
459 2441 492 2504 in
515 2440 695 2514 nominibus
717 2439 1014 2522 Ilpityuohanus
1037 2436 1133 2522 (baec
1152 2439 1257 2505 lor-ma
1279 2441 1449 2525 quinquies
1471 2441 1640 2526 reperitur,
1661 2440 1761 2507 semel
1775 2461 1905 2524 graece·

233 2541 385 2627 seriptum
403 2539 607 2622 Ἐινιτύρχανος
628 2551 661 2608 et
678 2539 894 2622 Ἐπιτνγχάνων
926 2543 960 2608 in
982 2541 1083 2636 titulis
1104 2543 1232 2627 graecis
1255 2544 1312 2610 efr.
1327 2543 1479 2628 Beneeb),
1513 2544 1720 2609 Euthemus
1743 2540 1908 2623 Εὖθήμων·

233 2645 290 2712 cfr.
313 2644 398 2710 Keil.
422 2644 519 2712 Amal.
544 2643 625 2710 1842
647 2667 679 2730 p.
702 2643 766 2710 226
788 2664 818 2706 u.
836 2643 867 2722 3,
889 2646 1161 2726 architectus,
1186 2648 1235 2712 cui
1257 2648 1433 2732 respondet
1450 2644 1635 2728 ’Δρχύτεκτος
1657 2646 1750 2712 Grut.
1767 2645 1851 2712 CVI.
1874 2645 1893 2708 2

234 2756 268 2814 et
287 2745 463 2832 ἄρχιτεκτος,
485 2748 570 2815 boud
591 2749 686 2815 dubie
701 2767 821 2830 graece
842 2748 954 2828 forme,
976 2756 1010 2813 et
1032 2749 1261 2816 architecto
1283 2746 1462 2838 ἀρχιτέκτων,
1485 2749 1574 2814 cuius
1594 2749 1743 2816 vocabuli
1757 2758 1906 2835 utreque·

233 2852 336 2917 forma
367 2871 444 2917 usus
466 2860 516 2918 est
538 2852 674 2918 Plautus
709 2853 767 2919 cfr.
790 2852 878 2918 Brix.
900 2849 970 2918 Mil.
994 2853 1067 2928 901,
1105 2851 1339 2918 Fleckeisenus
1359 2851 1379 2918 l.
1400 2873 1425 2918 s.
1441 2874 1479 2930 o.,
1501 2852 1635 2918 Loreuz.
1663 2851 1732 2918 Mil
1755 2851 1827 2933 746,
1851 2855 1904 2918 ed.

235 2953 381 3020 Graecos
402 2955 490 3039 ipsos
512 2955 625 3020 dubito
647 2975 687 3020 an
711 2955 825 3020 merito
858 2955 1045 3020 celeremus.
1090 2955 1180 3034 Quae
1202 2975 1273 3020 cunr
1289 2956 1336 3020 ila
1352 2955 1434 3038 siut,
1459 2956 1555 3020 etiam
1569 2956 1721 3040 genetivo
1739 2956 1894 3040 Electri

234 3056 351 3141 Amph.
374 3055 465 3142 prol..
481 3055 523 3120 99
555 3077 614 3141 pro
637 3057 898 3144 Electryonis
930 3059 1016 3123 dioto
1037 3059 1265 3142 comprobatur
1287 3058 1434 3124 Plautum
1466 3059 1551 3142 apud
1572 3065 1700 3143 poetam
1724 3059 1906 3142 Graecum,

234 3181 297 3246 qno
321 3181 396 3230 usus
419 3145 478 3240 est,
500 3182 565 3226 non
596 3156 981 3242 inveniendiartem,
1002 3162 1060 3226 sed
1082 3161 1275 3245 *”Htrxrpo;.
1322 3161 1424 3228 Recte
1457 3160 1689 3229 Fleckeisenns
1707 3159 1894 3243 Ἠλεκτρύων

236 3264 307 3330 fieri
327 3284 423 3347 posse
459 3273 496 3330 ut
516 3264 616 3330 latine
650 3272 737 3329 esset
757 3263 951 3329 illectura
983 3265 1124 3349 negavit,
1161 3265 1217 3330 sed
1240 3285 1281 3329 ne
1304 3261 1491 3348 *Ἠλέκτρων
1513 3264 1650 3348 quidem.
1694 3264 1794 3329 Immo
1817 3265 1894 3349 quin

236 3367 332 3432 ctiam
352 3364 537 3452 *Ἠλέκτρων
557 3368 805 3452 respondentem
826 3367 973 3431 babuerit
995 3366 1127 3432 lormam
1150 3366 1347 3450 ‘'Htrmpor,
1367 3367 1442 3433 mihi
1475 3368 1605 3432 dubium
1628 3385 1693 3432 nou
1717 3367 1889 3451 videturll)

234 3469 316 3536 Nam
340 3472 427 3554 quod
441 3468 598 3554 Ἠλέκτρα,
619 3469 687 3535 filiu
706 3469 848 3536 Atlantis
870 3476 903 3534 et
923 3469 1085 3550 Pleiones,
1100 3489 1183 3554 quae
1203 3470 1306 3536 torma
1326 3470 1508 3535 femininum
1531 3470 1620 3536 vocis
1644 3469 1823 3552 *Ἤλεκτρος
1843 3471 1902 3536 in··

235 3573 333 3654 dicat,
350 3573 447 3638 etiam
464 3570 670 3656 Ἧλεκιρνύνη,
686 3574 772 3658 quod
787 3580 838 3639 est
851 3570 1035 3663 femininum
1049 3593 1153 3658 genus
1170 3572 1259 3638 vocis
1271 3569 1467 3655 Ἠλεκτρύων,
1482 3572 1666 3658 appellatur
1682 3574 1738 3640 cir.
1755 3562 1906 3656 Bensel.,¹

237 3683 372 3759 apparet
391 3675 487 3742 etiam
505 3671 709 3758 Ἠλεκτρύωνα
730 3677 874 3763 potuisse
895 3676 959 3741 dici
974 3675 1145 3756 Ἤλεκτρον.
1190 3676 1303 3761 Neque
1324 3675 1358 3741 id
1391 3675 1488 3740 ullam
1521 3675 1753 3741 dubitationem
1776 3684 1893 3758 movet,

238 3779 324 3861 quod
337 3779 501 3862 Ἤλκκτρος
534 3780 620 3864 apud
640 3779 723 3848 alios
746 3781 920 3865 scriptores
943 3797 1008 3844 uon
1029 3779 1191 3863 reperitur
1226 3779 1283 3843 clr.
1300 3777 1437 3864 ”Agepoq
1457 3776 1617 3842 ’Δλκαλων
1639 3779 1694 3845 all.
1718 3779 1789 3861 all.;
1821 3799 1893 3846 nam

234 3880 404 3956 formatum
440 3890 492 3949 est
512 3902 628 3947 nomen
652 3902 693 3949 ex
718 3884 901 3968 praeceptis
935 3901 1056 3968 graeca
1074 3882 1206 3946 nomina
1242 3883 1378 3968 propria
1405 3883 1577 3950 formandi.
1615 3878 1793 3964 Ἣλεκτρύων
1814 3902 1912 3948 com·-

238 3983 376 4067 positnm
393 3992 451 4068 est,
472 3995 509 4052 ut
525 3982 786 4068 ’Atre—mdes,
807 3982 1065 4070 'ruppe—spritu,
1089 4007 1133 4052 ox
1148 3987 1259 4052 eadem
1276 3987 1376 4069 stirpe
1398 3981 1466 4060 ἤλεκ
1492 3984 1606 4050 suffixo
1621 3985 1748 4070 agentis
1763 3987 1895 4052 notione

235 4085 465 4170 praeditorum
501 4088 671 4154 formatum
703 4097 753 4155 est
781 4086 971 4173 'Httxrop³)
1006 4089 1063 4155 cfr.
1083 4085 1267 4174 Ἀλεκτρύων
1291 4120 1332 4144 =
1348 4085 1493 4168 Ἀλέκτωρ
1530 4088 1589 4154 cfr.
1622 4086 1749 4154 Bensel.
1780 4109 1806 4154 s.
1829 4107 1901 4174 τνρ-

156 4213 160 4223 ·
229 4189 389 4274 Ἠλεκτρος
411 4196 516 4255 antem
538 4193 708 4258 deseendit
732 4199 790 4257 eut
809 4193 849 4257 eb
869 4189 1026 4273 Ἧλέκτωρ,
1045 4199 1081 4256 ut
1099 4191 1198 4277 ἰατρός
1218 4190 1319 4274 ideoq,
1341 4189 1457 4271 δαιτρός
1477 4196 1607 4272 Δαιτωρ,
1629 4199 1664 4255 ut
1678 4191 1789 4257 eadem
1805 4193 1908 4256 notio.

237 4292 352 4372 subsit,
374 4299 432 4358 eut
452 4293 494 4358 ab
512 4290 600 4357 Ἠλκκ
616 4296 749 4378 -τρύωνι
765 4295 862 4358 'Hirr
873 4333 891 4345 -
907 4317 969 4378 τρ-
980 4317 1024 4370 ος,
1043 4303 1080 4360 nt
1093 4297 1171 4373 Atys
1185 4331 1202 4342 -
1215 4297 1286 4354 σθ-
1301 4315 1334 4366 ος
1355 4292 1410 4359 ull.
1455 4293 1677 4375 Δ6Ἥλκκτρος
1699 4302 1804 4360 autem
1826 4315 1912 4380 pro·-

236 4397 354 4462 leetum
375 4405 426 4462 est
448 4396 618 4478 Ἠλέκτρων,
638 4418 721 4483 quae
742 4398 848 4464 forme
868 4397 1077 4465 confirmatur
1104 4398 1201 4462 etiam
1222 4395 1374 4461 feminino
1398 4393 1575 4480 ’Δλικτριύνρ
1592 4425 1632 4451 --
1649 4395 1840 4478 'liberorum
1862 4399 1906 4462 in·

236 4499 320 4566 titul.
343 4500 449 4566 Rb'ed.
475 4499 530 4566 cira
552 4499 689 4568 Hermes
711 4501 795 4568 XIV
817 4523 847 4587 p.
862 4501 924 4568 457
940 4522 1009 4586 sqq.
1030 4501 1087 4568 clr.
1109 4503 1207 4580 Σῖμος
1227 4501 1332 4576 Σίμων
1352 4499 1487 4577 Σιμωνη,
1501 4503 1607 4577 Δᾶμος
1628 4496 1740 4576 Δάμων
1754 4499 1912 4580 Δαμύκη,

239 4606 311 4676 [rog
330 4609 415 4667 Δίων
436 4601 536 4680 Διώνη
559 4603 614 4670 all.
660 4605 839 4688 Ἠλεκτρύων
858 4605 1031 4688 Ἤλεκτρνς,
1059 4605 1220 4688 'Rumpor
1251 4603 1432 4687 promiscue
1468 4609 1637 4684 usurpatas
1670 4621 1742 4668 esse
1776 4603 1911 4668 formas:-

239 4704 412 4771 verisimile
433 4713 492 4771 est.

271 4911 272 4914 ρ
312 4837 333 4909 ¹)
351 4839 399 4896 cir.
417 4859 446 4912 p.
459 4843 499 4896 1³.
536 4845 557 4912 ²)
574 4841 744 4897 Electrae
770 4841 885 4898 fortasse
908 4842 942 4897 iis
964 4842 1122 4899 nominibus
1140 4838 1299 4895 addendum
1323 4845 1372 4910 est,
1391 4856 1460 4909 quae
1482 4839 1595 4908 antiqno
1620 4829 1785 4894 commercio
1814 4845 1910 4910 atque-

237 4913 394 4966 mereatura
410 4928 428 4965 a
438 4911 549 4966 Graecis
566 4911 686 4965 maxime
704 4911 821 4980 Magnae
832 4912 964 4967 Graeciae
981 4915 1010 4966 et
1027 4911 1135 4966 Siciliae
1155 4909 1275 4965 Romani
1292 4925 1350 4964 nou
1367 4925 1431 4964 raro
1449 4925 1482 4963 es
1493 4907 1666 4964 formationis
1683 4910 1774 4979 speeie
1791 4908 1911 4978 indutu.

239 5014 309 5067 que
326 4997 357 5052 in
384 4997 479 5058 rursu·
496 4997 677 5064 ιωιωκιω,
699 4997 766 5052 eum
784 5002 961 5067 ιωιρωωιι
999 5001 1018 5066 ³)
1038 4981 1225 5064 Ἠλεκτρύων
1245 5012 1348 5051 nomm
1371 5001 1414 5050 ee
1429 4995 1508 5066 sous,
1527 4995 1604 5050 euru·
1625 4995 1683 5050 ura
1701 4979 1912 5074 Ἠλεκτρύων·

239 5067 476 5210 361ᾘῇἚὰ
477 5083 554 5210 Ιδινλὶι
571 5099 726 5160 cognomen
745 5083 777 5140 il.
790 5083 892 5142 mn.
906 5085 968 5153 398,
983 5084 1067 5139 etiarn
1078 5083 1165 5138 solem
1177 5081 1336 5154 ,fulgentem
1352 5081 1490 5153 signifieat
1506 5082 1538 5141 11.
1551 5081 1597 5146 VI.
1609 5067 1907 5150 eleucatdlettclr.
