4454 5614
951 317 1145 383 „5-

218 529 344 615 antiqui
363 527 413 594 illi
434 531 552 612 poetae
573 546 645 591 cnm
672 525 857 591 nominibus
878 521 1067 610 oppidorum
1088 520 1315 588 coniunxerint
1334 542 1374 588 eo
1389 519 1531 609 sensn,¹)
1554 523 1608 607 qui
1627 521 1710 590 locis
1730 522 1892 590 Plautinis

217 633 312 712 inest,
335 631 462 697 videtur
485 648 557 696 esse
580 626 759 694 verisimile
777 626 875 693 stiam
895 625 1013 710 Amph.
1036 625 1078 692 V.
1098 625 1126 694 l.
1143 625 1196 706 26,
1216 624 1319 694 Ρ666.
1341 628 1368 694 1.
1383 627 1415 694 2.
1433 628 1473 694 13
1495 632 1625 691 extrusa
1645 626 1887 712 praepositione

218 736 293 821 ,ah‘,
315 754 380 820 qno
394 734 482 799 iacto
504 731 773 798 Accheruntis
794 727 1017 814 pronuntiatio
1040 728 1160 805 existit,
1180 727 1301 795 dixisse
1317 727 1467 796 Plautum
1488 727 1561 794 solo
1577 728 1722 795 ablativo
1737 731 1890 814 ,Auche-

218 845 351 918 66616,
367 857 438 904 oum
452 833 644 921 praesertim
658 833 858 919 praepositio
872 832 933 911 ,ab·
947 829 1043 897 facile
1056 851 1096 898 ex
1109 831 1248 916 repetito
1261 831 1361 898 Acch.
1371 829 1464 898 initio
1480 831 1570 898 nasci
1581 832 1736 917 potuerit:
1749 833 1886 905 66600.

304 974 366 1040 His
388 973 543 1060 expositio
565 972 607 1038 de
628 969 733 1057 poetis
755 969 888 1056 tragicis
912 979 947 1036 et
967 967 1103 1035 comicis
1125 969 1322 1035 contendere
1343 989 1410 1034 non
1431 967 1522 1036 licet:
1561 967 1622 1034 Bai
1640 969 1711 1034 rein
1734 967 1887 1036 ortlicher

218 1079 412 1162 Bedentnng
443 1077 500 1143 des
522 1073 713 1142 Accusativs
750 1085 860 1139 661666
891 1070 944 1137 616
969 1069 1094 1138 tlteren
1130 1075 1277 1138 Antoren
1311 1071 1368 1136 oft
1397 1073 1452 1152 ,in‘
1477 1069 1581 1152 hinnu,
1616 1091 1721 1156 neque
1754 1071 1886 1158 probari

217 1190 337 1271 potest,
369 1181 457 1266 qnod
489 1173 638 1264 Draeger
658 1177 685 1244 Ι.
706 1197 737 1261 p.
753 1173 817 1242 366
838 1175 966 1240 statuit:
1000 1175 1055 1253 ,in‘
1088 1175 1141 1241 bei
1161 1173 1298 1240 Sttdten
1329 1175 1395 1240 und
1414 1175 1545 1241 kleinen
1564 1175 1676 1242 Inseln
1707 1175 1751 1242 ist
1771 1175 1805 1242 in
1827 1178 1887 1244 der

218 1286 326 1354 tltern
357 1284 431 1350 Zeit
464 1283 555 1348 sehr
588 1279 874 1367 gebrtnchlich
909 1297 1106 1364 genesen.
1161 1277 1227 1344 Sed
1258 1277 1306 1343 ita
1338 1287 1389 1344 est
1424 1278 1700 1364 praecipiendum:
1744 1278 1884 1347 Veteres

218 1395 348 1474 poetae,
368 1394 403 1451 nt
423 1386 541 1465 locnm,
575 1405 639 1468 quo
661 1383 739 1468 6616
761 1389 849 1448 esset
868 1380 999 1447 missum
1032 1380 1086 1446 vel
1108 1381 1192 1446 unde
1214 1377 1293 1465 quid
1324 1380 1469 1447 venisset
1503 1379 1557 1446 vel
1581 1377 1636 1446 ubi
1663 1379 1740 1465 qnid
1765 1383 1884 1450 lactum

188 1549 196 1564 ,
219 1497 316 1572 esset,
335 1496 497 1568 notarent,
519 1487 706 1574 plerumque
728 1505 823 1552 casus
855 1483 1151 1569 praepositionibus
1174 1491 1325 1550 carentes
1357 1493 1595 1568 usurpaverunt
1615 1485 1777 1550 nominum
1799 1486 1887 1572 oppi-

219 1595 343 1672 dorum,
364 1611 491 1676 semper
511 1591 540 1656 si
562 1596 656 1656 erant
677 1587 816 1674 pluralia
837 1594 971 1669 tantum,
993 1606 1070 1652 raro
1093 1586 1356 1672 praepositiones
1375 1587 1624 1671 admiscuerunt,
1646 1585 1679 1654 ln
1701 1587 1884 1656 nominibus

219 1693 444 1782 6616666661)
466 1693 664 1778 praepositio
684 1691 814 1776 saepius
836 1699 887 1757 est
908 1690 1019 1755 addita
1041 1711 1137 1775 quam
1159 1691 1288 1758 661666.

208 1886 211 1892 ,
304 1813 435 1881 Insulae
470 1830 603 1896 parvae,
625 1811 659 1875 in
682 1811 796 1894 quihus
819 1810 970 1895 oppidum
994 1811 1136 1877 eiusdem
1158 1811 1296 1876 nominis
1317 1818 1381 1876 ests
1403 1809 1582 1887 Lamnus:

309 1915 397 1999 6661
430 1915 469 1978 16
492 1915 673 1979 Lemnum
696 1911 776 1979 Cist.
792 1912 819 1979 1.
845 1913 932 1980 1.13
959 1915 1128 1998 aufugere,
1148 1913 1277 1980 Phorm.
1299 1914 1343 1981 66
1363 1914 1427 1980 iter
1448 1932 1530 1992 esse,
1562 1911 1738 1980 Lemnum
1757 1916 1888 1985 Phorm.

219 2017 282 2083 667
304 2017 378 2083 6166
398 2052 442 2063 -
462 2013 635 2101 proticisci.

305 2120 412 2186 66661
433 2120 577 2185 hamno
600 2118 697 2185 Troo.
719 2116 762 2184 90
782 2119 937 2185 advenire
961 2119 1120 2198 Athenas,
1142 2118 1205 2186 366
1227 2121 1380 2186 advenire
1403 2117 1496 2204 (Cist.
1512 2139 1581 2205 arg.
1604 2122 1625 2187 6
1646 2121 1778 2208 redire).

306 2223 381 2288 6611
418 2222 550 2288 66661
573 2220 666 2306 (Cist
689 2241 758 2306 urg.
782 2221 815 2306 7)
847 2222 979 2288 Phorm.
1003 2220 1078 2303 660,
1115 2229 1322 2307 potestesse
1343 2217 1526 2308 genetivum
1563 2221 1626 2289 942
1648 2225 1779 2305 habere,
1801 2225 1885 2294 1013

220 2325 413 2392 mansiones.
456 2325 496 2390 in
518 2325 663 2390 Lemno
684 2325 812 2391 Phorm.
835 2323 899 2390 813
920 2325 1141 2402 consuevisse,
1165 2325 1248 2391 1004
1270 2346 1404 2392 uxorem
1426 2327 1553 2394 ducere.

305 2428 482 2494 Rhodus:
520 2428 609 2510 quoi
632 2427 810 2493 Rhodum
828 2428 927 2494 Mero.
949 2427 983 2493 II
1004 2427 1081 2494 hinc
1103 2427 1166 2496 66.
1189 2429 1328 2508 mittere,
1350 2426 1392 2492 92
1415 2431 1536 2498 venire.

304 2532 412 2597 66661
449 2529 588 2598 Rhodo
616 2533 708 2600 Asin.
729 2532 793 2598 499
815 2538 988 2609 mercator,
1023 2531 1122 2599 hiero.
1144 2531 1188 2598 11.
1204 2531 1234 2597 3.
1252 2531 1296 2598 66
1317 2533 1493 2599 advehere.
1537 2553 1583 2599 ex
1611 2531 1751 2600 Rhodo
1784 2533 1885 2602 Marc.

217 2633 260 2700 ll.
282 2633 312 2701 1.
328 2632 370 2700 33
393 2635 520 2700 advehi.

304 2738 380 2803 6611
402 2737 532 2804 Rhodi
552 2736 635 2804 1166.
660 2729 719 2802 107
743 2736 901 2804 habitare.

305 2839 541 2926 Zacynthus:
563 2841 670 2906 66661
693 2839 793 2907 Mero.
816 2841 859 2907 V.
876 2841 908 2906 2.
931 2837 973 2904 99
996 2839 1122 2925 hospes
1144 2839 1358 2926 Zacyntho.
1404 2838 1478 2905 6611
1500 2840 1700 2926 Zacyntho
1722 2843 1822 2909 itero.
1845 2843 1886 2910 V.

220 2938 251 3007 2.
275 2939 336 3006 102
358 2941 380 3008 1.
397 2964 440 3023 v.,
463 2943 521 3008 666
541 2941 715 3027 legendum
736 2943 865 3008 videtur
885 2943 1087 3027 Zacynthi.

306 3047 475 3111 Andrus:
509 3046 615 3110 nndei
637 3065 683 3110 ex
704 3046 835 3111 Andro
858 3047 956 3111 Andr.
978 3047 1019 3112 70
1041 3045 1254 3128 commigrare
1276 3043 1350 3109 huc.
1394 3044 1528 3110 ubilin
1550 3046 1678 3111 Andro
1700 3047 1798 3113 Andr.
1820 3047 1881 3115 931

219 3147 347 3234 666166)
382 3151 485 3233 apud
507 3149 685 3215 Andrum
717 3148 855 3216 insulam
877 3150 980 3216 Andr.
1004 3144 1068 3210 222
1089 3168 1204 3214 navem
1239 3147 1406 3232 frangere3
1442 3148 1489 3212 66
1510 3149 1677 3214 Andrum
1697 3151 1798 3217 Andr.
1820 3149 1884 3218 923

217 3269 332 3316 navem
352 3252 515 3338 frangero.

309 3355 419 3420 Adde:
442 3375 489 3421 ex
509 3354 619 3421 Samo
640 3355 760 3422 Bacch.
776 3353 837 3421 ΠΙ.
853 3353 885 3421 3.
900 3355 943 3421 68
967 3373 1050 3430 6666,
1069 3352 1129 3419 111.
1152 3347 1214 3417 1.2
1235 3351 1391 3431 avehere;
1412 3351 1450 3416 in
1472 3351 1596 3418 Imbro
1612 3353 1695 3420 Hec.
1714 3353 1774 3420 111
1790 3357 1883 3427 mori.

305 3455 401 3522 61166
427 3457 570 3523 insulae:
594 3455 759 3543 Cyprus:
783 3457 869 3541 6661
893 3454 1058 3542 Cyprum
1082 3454 1181 3521 llere.
1209 3455 1244 3521 11.
1260 3455 1291 3520 2.
1308 3453 1350 3521 96
1375 3454 1614 3538 6661666661.
1637 3455 1884 3542 2246161161εοί

218 3557 283 3626 230
303 3560 379 3627 6166
400 3568 543 3645 portare.
587 3560 624 3626 in
648 3560 814 3645 Cyprum
836 3560 937 3627 dioro.
960 3559 1001 3627 V.
1018 3558 1049 3625 2.
1062 3559 1104 3625 92
1125 3558 1158 3622 16
1180 3557 1280 3642 pedes
1302 3558 1462 3636 conicere,
1494 3559 1589 3624 6661.
1612 3555 1674 3626 216
1694 3578 1882 3647 properare.

305 3663 468 3731 Sicilia:
501 3665 588 3747 6661
620 3665 662 3730 16
695 3662 878 3730 Siciliam
910 3662 996 3730 666.
1017 3661 1099 3748 prol.
1121 3658 1244 3740 64166,
1264 3658 1308 3726 11.
1329 3658 1419 3728 3.ZV
1441 3659 1515 3726 6166
1548 3661 1790 3743 6616666611
1814 3683 1884 3750 pen

218 3765 336 3852 bitere;
359 3766 494 3833 ubilin
517 3765 662 3832 Sicilia
684 3767 770 3835 Men.
793 3765 857 3832 409
879 3765 1049 3851 Syracusis
1072 3799 1112 3811 -
1135 3763 1169 3830 16
1191 3762 1352 3840 666166,
1374 3763 1452 3830 item
1476 3761 1568 3832 1096.

307 3870 418 3936 Adde:
451 3869 573 3937 Bacch.
595 3889 664 3955 arg.
686 3868 706 3934 3
729 3869 884 3936 Cretam
905 3867 1075 3934 Bacchis
1096 3868 1265 3954 navigat
1286 3872 1404 3950 61666
1424 3867 1606 3946 alteram,
1632 3867 1687 3934 ubi
1708 3867 1882 3955 legendnm

74 3975 87 3990 “
218 3978 284 4038 estr
327 3971 370 4038 ln
403 3971 557 4040 Cretam
590 3971 757 4038 Bacchis
794 3971 959 4056 navigat
999 3978 1119 4055 atque
1152 3969 1209 4037 ibi
1250 3966 1427 4037 alteram.
1469 3969 1590 4039 Pacuv.
1613 3969 1678 4037 219
1699 3972 1739 4040 6.
1763 3993 1795 4058 p.
1819 3975 1882 4042 103

216 4076 387 4143 666666
409 4077 574 4160 accedere,
594 4078 674 4143 666.
696 4073 771 4155 369,
793 4074 858 4142 310
879 4073 920 4143 R.
943 4095 975 4160 p.
993 4073 1056 4139 184
1077 4072 1313 4142 Salaminem
1335 4072 1486 4139 avehere.

303 4194 394 4275 Qnos
414 4193 506 4262 locos
541 4198 571 4264 si
603 4195 902 4275 examinaverimus,
938 4194 1034 4262 166116
1065 4193 1278 4282 intellegetur
1308 4193 1458 4260 Plautum
1493 4194 1613 4262 dixisse
1648 4193 1685 4259 in
1705 4194 1883 4261 Lemnum

218 4295 360 4385 (semel),
384 4297 535 4363 homno
557 4298 647 4386 (616),
669 4298 848 4364 Rhodum
872 4297 961 4384 (616),
998 4297 1139 4364 Rhodo
1163 4297 1251 4382 (his),
1289 4317 1335 4363 ex
1357 4296 1495 4364 Rhodo
1517 4295 1655 4382 (66661),
1687 4297 1882 4383 Zacyntho

218 4399 357 4486 (semel),
390 4399 584 4486 Zacynthi
606 4400 745 4488 (semel),
782 4419 829 4468 ex
849 4399 963 4468 Samo
988 4399 1079 4486 (bis),
1124 4399 1293 4486 Cyprum
1314 4399 1453 4484 (semel),
1489 4401 1527 4467 in
1550 4399 1710 4485 Cyprum
1743 4398 1882 4488 (semel),

218 4503 405 4572 'Parentium
428 4512 535 4568 antem
555 4503 604 4569 in
626 4506 815 4574 Lemnum
838 4502 897 4590 (1),
919 4504 1098 4572 Lemnum
1113 4503 1174 4588 (1),
1195 4505 1233 4570 16
1255 4503 1395 4581 Lemno
1410 4503 1471 4591 (2),
1490 4502 1620 4569 Lemni
1635 4501 1692 4587 (31
1711 4503 1881 4588 genetivus

218 4612 331 4690 potest
353 4604 452 4693 esse),
473 4605 605 4672 Rhodi
626 4606 687 4692 (l),
710 4627 759 4676 ex
779 4607 915 4674 Andro
938 4604 999 4693 (1),
1034 4607 1073 4673 16
1093 4608 1229 4698 Andro
1252 4605 1311 4694 (1),
1333 4607 1371 4672 in
1391 4607 1520 4674 Imbro
1543 4604 1603 4693 (1),
1640 4605 1798 4692 Cyprum
1820 4604 1880 4693 (2),

217 4707 255 4773 16
278 4705 440 4794 Cyprum
460 4706 518 4795 (1).
561 4708 632 4776 Nec
652 4710 720 4777 ullo
741 4710 888 4797 negotio,
909 4718 946 4777 ut
965 4710 1028 4776 sibi
1049 4709 1154 4798 magis
1175 4709 1390 4778 convenirent
1408 4715 1536 4795 poetae,
1557 4709 1660 4775 verba
1681 4728 1792 4776 eornm
1814 4729 1882 4776 oon

308 4879 326 4947 ¹)
344 4875 414 4932 Nam
431 4892 528 4936 eorum
545 4879 746 4951 exemplorum,
778 4897 849 4950 quse
867 4879 993 4952 Drangai·
1009 4879 1031 4936 1.
1048 4895 1078 4951 p.
1090 4881 1142 4934 466
1170 4877 1274 4948 6116111,
1301 4877 1421 4935 alterum
1438 4895 1455 4934 6
1471 4878 1630 4951 Magaribus
1655 4877 1739 4936 Poen.
1756 4881 1827 4952 prol
1844 4881 1881 4936 96

217 4962 314 5034 oppidi
332 4979 434 5018 nomen
451 4983 508 5020 non
525 4969 575 5031 est,
592 4964 710 5021 alterurn
722 4965 796 5022 Pers
812 4969 864 5023 167
881 4967 1034 5038 legitimam
1052 4965 1293 5022 commeationem
1311 4965 1420 5035 longe
1437 4965 1480 5021 ah
1496 4971 1640 5022 mooun-st.
1674 4965 1729 5022 666
1745 4967 1882 5024 a'l'rois

216 5047 280 5106 Pac
298 5051 350 5105 316
367 5049 402 5109 6.
418 5067 446 5121 p.
466 5054 525 5122 117,
554 5052 597 5108 66
614 5051 722 5121 Argis
747 5054 815 5109 666.
901 5053 935 5109 R
952 5070 981 5124 p.
999 5056 1051 5108 224
1077 5053 1243 5109 sanctione
1269 5057 1342 5123 sunt,
1373 5069 1481 5124 quana
1506 5051 1702 5124 6661661666
1730 5055 1880 5126 scriptores

216 5135 422 5207 praepositione
439 5135 638 5194 abstinuerunt.
675 5136 765 5210 ¹loir.
782 5155 810 5209 p.
828 5143 853 5194 3.
1094 5121 1100 5136 ’
