4454 5614
1102 367 1312 434 ...18-

374 574 546 640 Perserum
577 591 672 658 reges
694 572 833 638 omnium
853 573 1027 639 ditissimos
1049 578 1083 637 et
1104 571 1364 656 opulentissimos
1386 573 1496 642 inisse.
1539 576 1653 659 ltaque
1687 596 1758 643 cum
1781 577 1882 644 Stich.
1897 579 1924 646 1.
1942 577 1971 646 l.
1989 580 2031 648 24

375 677 456 744 hsec
476 675 640 762 legantur:
839 676 969 760 Neque
991 674 1064 740 ille
1083 675 1162 739 sibi
1184 681 1335 741 mereat
1353 675 1565 742 Persarum

840 779 1006 860 Montes,
1030 777 1201 862 quiesse
1224 779 1337 842 aurei
1360 781 1646 862 perhibentur,

373 881 469 947 facile
491 881 604 947 credas
627 881 793 963 ,Persae‘
814 901 873 964 pro
897 881 1002 960 ,Pici‘
1024 899 1096 944 esse
1113 879 1334 949 scribendum.
1378 881 1444 947 Sed
1467 883 1589 948 Nonius
1608 903 1637 968 p.
1662 883 1733 950 152.
1757 883 1777 948 8
1800 886 1881 952 hoec
1908 887 2024 952 trudit:

374 985 489 1050 Picos
524 991 679 1050 veteres
712 1003 799 1049 esse
831 981 1064 1064 voluerunt,
1099 1002 1198 1066 quos
1236 982 1383 1048 Graeci
1416 988 1558 1068 γρῦπας
1594 986 1810 1071 appellant.
1854 988 2025 1055 Plnutus

374 1086 598 1152 Aulularia:
631 1086 725 1168 ,Pici
747 1121 789 1134 -
811 1087 978 1171 supero‘.
1028 1086 1135 1165 Quare
1158 1107 1228 1153 cum
1251 1087 1336 1152 Pici
1358 1087 1411 1152 vel
1443 1087 1565 1172 Picis,
1601 1089 1764 1172 qnodclii
1798 1092 2029 1176 probaverunt,

375 1191 461 1256 omni
483 1190 684 1255 dubitatione
706 1197 810 1270 racel,
832 1191 919 1275 quod
940 1191 1072 1255 verbum
1092 1191 1124 1254 in
1142 1209 1236 1255 versu
1258 1190 1357 1255 etism
1378 1191 1450 1256 uliis
1473 1191 1635 1257 decausis
1657 1192 1872 1275 suspicionem
1891 1201 2030 1276 moveat,

377 1294 599 1378 inquirendum
622 1299 681 1359 est.
726 1292 764 1360 ld
786 1313 858 1360 esse
892 1293 1046 1360 divitiis
1080 1294 1175 1358 facile
1197 1304 1345 1378 apparet:
1384 1293 1473 1359 libri:
1496 1295 1539 1358 B:
1569 1293 1761 1372 Invisus,
1783 1295 1922 1362 divitis
1956 1297 2030 1362 libri

375 1398 482 1480 Nonii,
505 1396 745 1480 Fleckeisenus,
767 1397 956 1482 ,Ripaeos‘
990 1404 1024 1466 ut
1045 1399 1249 1480 scriberetur,
1271 1397 1383 1464 suasit.
1428 1397 1470 1462 ut
1492 1415 1569 1462 sane
1604 1396 1740 1463 ablativi
1771 1397 1926 1463 divitiis
1965 1400 2028 1466 col·

373 1501 495 1568 locutio
516 1500 611 1567 valde
633 1501 768 1567 offendit
798 1501 987 1585 videturque
1008 1499 1189 1586 explicandi
1212 1520 1309 1566 causa
1338 1501 1532 1585 adscriptum
1553 1500 1651 1566 fuisse
1681 1499 1762 1565 illud
1784 1501 1974 1566 vocabulum
1996 1509 2029 1568 et

376 1604 551 1672 alibrario
573 1603 689 1668 deinde
721 1605 894 1688 impostae
927 1607 1028 1671 verba
1058 1604 1193 1686 illatum,
1232 1605 1315 1669 sicut
1337 1603 1433 1670 etiam
1463 1605 1578 1668 Vites
1599 1605 1632 1686 J,
1654 1603 1769 1668 Dites
1792 1605 1817 1669 Z
1838 1623 1897 1688 pro
1920 1605 2026 1686 ,Pici‘

375 1710 661 1793 interpretamenta
681 1707 884 1774 librariorum
907 1728 978 1774 esse
1001 1729 1064 1773 non
1086 1727 1197 1792 neges.
1241 1707 1331 1786 Quae
1354 1727 1424 1772 cum
1447 1708 1494 1773 ita
1514 1706 1588 1784 sint,
1620 1704 1792 1790 legendum
1814 1725 1886 1772 esse
1908 1727 2025 1774 censeo

374 1813 457 1878 Pici
482 1811 689 1876 Persarum
711 1811 778 1895 qui
801 1816 944 1877 eureos
966 1817 1116 1878 montes
1139 1809 1287 1876 colunt.
1331 1811 1382 1875 lta
1397 1809 1568 1892 Persarum
1590 1827 1686 1894 reges
1709 1819 1821 1893 aperte
1837 1810 2028 1879 indicantur.

377 1916 426 1981 De
449 1915 618 1980 Persarum
652 1915 812 1979 montibus
840 1916 945 1980 aureis
981 1914 1061 1981 nihil
1094 1914 1222 1980 aliunde
1258 1912 1336 1978 mihi
1371 1913 1521 1992 innotuit,
1553 1919 1589 1978 ut
1621 1913 1717 1978 etiem
1753 1913 1853 1978 Stich.
1875 1912 1898 1980 l.
1920 1934 1947 1981 c.
1968 1934 2027 1998 pro

375 2018 602 2101 ,Persarum‘
638 2017 814 2103 scripturus
838 2037 941 2084 essem
964 2017 1168 2102 ,picorum‘.
1214 2017 1279 2083 Sed
1302 2023 1438 2095 montes,
1462 2015 1517 2099 qui
1549 2016 1800 2100 perhibebantur
1821 2017 1911 2082 aurei
1943 2035 2026 2095 esse,

374 2141 508 2207 quorum
530 2121 698 2200 thesauros
720 2141 839 2208 grypes
862 2123 902 2187 ab
925 2122 1103 2206 Arimaspis
1124 2121 1298 2187 delendere
1319 2119 1517 2201 dicebantur,
1540 2119 1714 2199 Bactriani,
1748 2139 1814 2185 non
1836 2116 1953 2204 Ripaei
1975 2118 2029 2184 vel

373 2225 580 2310 Hyperborei
599 2224 698 2290 fuisse
719 2225 882 2309 videntum
904 2233 937 2291 et
956 2244 1074 2312 grypes
1095 2225 1224 2290 luerunt
1244 2225 1276 2288 in
1299 2224 1430 2288 bactria
1451 2223 1507 2290 cir.
1531 2221 1654 2288 Herod.
1677 2222 1735 2287 IV.
1748 2222 1788 2288 13
1804 2221 1902 2290 etat.
1937 2222 2027 2301 Quae

373 2335 462 2394 terra
482 2347 554 2394 cum
575 2327 672 2394 luerit
692 2328 816 2413 imperii
837 2329 1011 2394 Persarum
1025 2348 1110 2426 pars,
1132 2330 1201 2395 eius
1223 2334 1348 2393 montes
1364 2329 1534 2416 Persarum
1556 2325 1620 2391 dici
1640 2332 1784 2408 possunt
1829 2326 1924 2390 Adde
1940 2325 2028 2410 quod

373 2432 495 2498 Persae
526 2431 688 2497 coniuncti
710 2439 784 2498 sunt
816 2452 887 2498 cum
907 2433 1016 2518 grypis
1036 2432 1101 2498 illis
1124 2431 1221 2518 etiam
1255 2431 1289 2495 in
1311 2429 1490 2515 Hipparchi
1511 2447 1606 2494 versu
1629 2430 1748 2496 Athen.
1770 2427 1830 2496 XI.
1852 2448 1883 2513 p.
1897 2427 1960 2495 stt
1984 2429 2028 2495 P³

372 2537 489 2619 Πέρσας
508 2536 572 2616 ἔχον
592 2533 676 2620 (scil.
690 2532 839 2622 δαπίδιον)
859 2542 907 2597 sul
926 2539 1039 2620 γρῦπας
1059 2533 1174 2612 ἔξώλεις
1195 2534 1274 2610 τινάς
1299 2536 1367 2596 '1'er
1388 2535 1548 2614 Περσικῶν.
