4454 5614
1069 281 1275 348 ...16-

1135 485 1206 554 ΙΙΙ.

965 603 995 670 1.
1015 603 1120 672 lost.
1141 623 1174 673 v.
1195 604 1264 672 181
1285 623 1366 690 sqq.

430 725 680 792 Pulcherrimum
702 723 782 790 illud
804 723 1035 792 Philolachetis
1057 727 1226 810 canticum,
1248 727 1335 812 quod
1355 735 1408 794 est
1426 727 1523 796 llost
1545 725 1617 811 12,
1637 729 1672 794 iu
1693 750 1757 814 quo
1779 730 1996 798 adulescentis

343 827 494 893 educatio
517 834 551 892 et
572 827 638 891 rita
660 834 886 912 comparantur
914 847 986 894 cum
1013 848 1167 916 novaram
1188 829 1316 896 aedium
1339 829 1564 897 aedificatione
1590 838 1624 897 et
1649 831 1790 915 interitu,
1827 832 1996 920 glossemis

345 929 453 996 multis
474 937 508 994 et
527 928 725 1014 gravissimis
747 929 956 1014 depravatum
978 938 1011 996 et
1030 931 1239 1015 inquinatum,
1261 953 1283 997 a
1303 931 1484 999 Ritaohelio
1506 940 1540 1000 et
1559 934 1716 1001 herennio
1739 936 1879 1019 genuine
1894 957 1996 1022 paene

345 1031 449 1098 forma
469 1039 520 1099 est
539 1031 722 1098 felicissime
744 1040 901 1098 ornatum.
946 1031 1011 1098 Sed
1032 1033 1061 1097 si
1081 1053 1238 1100 novarum
1258 1036 1385 1102 aedium
1407 1043 1441 1101 et
1460 1037 1596 1103 bominis
1617 1035 1791 1104 similitudo
1825 1038 1998 1123 diligenter

345 1135 519 1202 observata
541 1135 669 1200 ridetur
690 1154 772 1213 esse,
793 1141 911 1216 poetae
932 1135 1033 1200 verba
1056 1155 1129 1200 esse
1150 1157 1216 1203 nou
1237 1147 1383 1223 possunt,
1406 1159 1490 1222 quae
1511 1139 1662 1226 leguntur
1683 1161 1712 1208 r.
1738 1141 1798 1207 130
1816 1161 1887 1227 sqq.
1907 1142 1994 1210 tor:

760 1237 859 1302 Venit
879 1237 1025 1322 ignavia:
1047 1257 1088 1304 ea
1109 1239 1185 1303 mibi
1207 1244 1382 1326 tempestts
1404 1241 1480 1308 luit:

760 1339 805 1405 bii
826 1339 966 1404 adventu
985 1359 1044 1406 auo
1066 1341 1254 1425 grindinem
1273 1343 1469 1427 imbremque
1490 1343 1607 1411 tttnlit

760 1443 853 1508 Haec
873 1443 1100 1508 verecundiam
1121 1445 1164 1510 mi
1184 1450 1218 1512 et
1239 1444 1366 1510 virtutis
1388 1447 1516 1512 modum

759 1543 952 1611 Deturbarlt
970 1545 1154 1630 detexitque
1176 1567 1197 1612 a
1218 1567 1268 1613 me
1289 1545 1376 1612 ilico.

759 1646 897 1713 Postilla
917 1667 968 1713 ma
989 1647 1137 1733 dpn'gere
1158 1649 1335 1735 neglegens
1356 1649 1417 1716 fui:

760 1749 920 1816 0611111
941 1770 1001 1835 pro
1022 1749 1124 1816 imbre
1146 1754 1247 1817 Amor
1267 1749 1412 1836 advenit3
1433 1758 1468 1817 et
1487 1771 1520 1837 q.
1536 1772 1563 1818 s.

347 1849 487 1915 Primam
509 1851 592 1916 anim
614 1850 663 1917 bis
676 1851 786 1918 imbris
807 1854 992 1919 memoriam
1018 1852 1167 1920 iniectam
1181 1873 1254 1919 esse
1278 1853 1424 1920 offendit:
1444 1860 1478 1920 et
1496 1853 1627 1940 ignavia
1648 1854 1841 1922 eumattulit
1854 1859 1999 1922 utamur

346 1971 406 2037 pro
427 1953 528 2018 imbre
560 1953 704 2038 advenit,
739 1961 805 2020 tum
827 1954 1001 2021 similitudo
1029 1975 1083 2021 vv.
1109 1953 1278 2022 100-112
1303 1957 1337 2022 1.
1360 1955 1477 2022 relicta
1496 1965 1556 2038 est,
1590 1976 1674 2041 quae
1697 1957 1814 2024 ceteris
1846 1959 1879 2024 in
1901 1959 1997 2025 rebus

347 2056 586 2122 accuratissime
622 2063 749 2123 tenetm
781 2057 838 2124 cfr.
871 2077 954 2143 qaae
986 2059 1159 2126 bonennias
1196 2059 1377 2126 annotarit
1421 2059 1502 2124 Nam
1531 2079 1602 2125 cum
1624 2080 1655 2125 v.
1681 2059 1741 2126 103
1773 2068 1997 2145 ,tempestas

347 2160 467 2226 venit.
511 2157 732 2245 Confringit
752 2159 912 2246 tegulas
933 2161 1216 2246 imbricesque‘
1236 2162 1458 2247 respondeant
1479 2161 1576 2247 plane
1598 2162 1734 2244 ,Venit
1754 2162 1931 2247 ignavior
1952 2183 1998 2230 ea

348 2261 437 2328 mibi
458 2267 668 2346 tempestas
689 2263 777 2329 luit:
818 2263 926 2330 Haec
949 2264 1224 2330 verecundiam
1247 2265 1295 2332 mi
1328 2273 1367 2330 et
1387 2265 1546 2332 virtutis
1567 2266 1721 2332 modum
1753 2266 1999 2333 Deturbarit

347 2364 577 2450 detexitque
598 2387 618 2432 1
639 2386 695 2432 ma
715 2365 828 2445 ilico,
848 2367 955 2433 verbis
971 2367 1031 2448 ,bli
1054 2367 1225 2433 advento
1247 2387 1316 2434 suo
1338 2369 1567 2454 grandinem
1588 2367 1825 2454 imbremque
1844 2369 1995 2436 attulit‘

346 2488 430 2551 quae
450 2470 677 2553 respondeant,
699 2470 807 2555 priore
829 2468 903 2534 loco
923 2488 990 2534 oon
1011 2478 1095 2536 sunt.
1139 2471 1182 2535 lit
1203 2480 1353 2537 accurate
1373 2471 1458 2536 inter
1478 2491 1514 2538 se
1539 2480 1767 2555 comparantur
1787 2492 1819 2538 r.
1844 2471 1905 2537 105
1927 2473 1997 2556 ,ibi

347 2572 534 2638 Dominus
565 2573 782 2658 indiligens
802 2573 967 2638 reddere
1005 2572 1109 2637 alias
1131 2571 1277 2638 nevolt‘
1298 2582 1332 2639 et
1357 2573 1544 2655 ,Postilla
1576 2593 1632 2640 me
1656 2575 1838 2659 optigere
1869 2573 1997 2660 negle·

347 2695 441 2761 gens
462 2676 537 2742 ini‘.
581 2677 663 2742 'l'um
685 2677 728 2742 ad
747 2697 779 2742 r.
796 2675 871 2742 106:
894 2675 1020 2741 Venit
1040 2675 1179 2757 imber,
1202 2675 1303 2742 lavit
1324 2677 1512 2761 parietes:
1536 2675 1590 2744 all.
1614 2679 1694 2742 bene
1716 2676 1855 2742 refertur
1870 2698 1899 2743 r.
1918 2676 1990 2758 135,

346 2779 402 2844 ubi
423 2784 525 2845 Amor
553 2779 664 2844 imbris
695 2779 820 2846 vicibus
851 2778 1002 2864 fungitur.
1048 2780 1155 2861 Atque
1178 2779 1274 2844 etiam
1300 2777 1417 2846 1154
1444 2787 1618 2863 tempestas
1654 2778 1772 2845 dicitur
1807 2779 1997 2847 modestiam

347 2900 472 2948 omnem
494 2881 666 2964 detexisse,
689 2902 752 2966 qua
774 2890 877 2949 tectus
898 2880 994 2947 inerit
1026 2880 1227 2960 adulescens,
1249 2885 1351 2948 Amor
1370 2881 1548 2966 perpluisse
1580 2883 1613 2946 in
1635 2901 1702 2949 cor.
1747 2883 1838 2961 Quae
1860 2902 1931 2950 cum
1951 2881 1998 2947 ita

347 2984 420 3070 siut,
438 3005 468 3052 r.
487 2984 608 3051 131111
629 2984 799 3051 odronto
820 3005 890 3069 sqq.
903 3004 992 3049 sunm
1007 2981 1112 3050 looum
1127 2983 1719 3070 nontenere,sedaversibns132sq.
1737 2985 1843 3052 llaec
1866 3005 1943 3052 ver.
1963 3023 1993 3031 —

346 3087 456 3154 ilico.
479 3088 583 3172 excipi
597 3106 722 3154 versum
741 3088 933 3168 teqvenit
945 3122 982 3134 -
993 3086 1077 3152 init‘
1089 3097 1206 3155 statuo.
1229 3088 1300 3167 Quo
1312 3108 1469 3155 concesso
1480 3088 1532 3156 rel
1546 3109 1672 3154 versum
1689 3089 1751 3155 134
1763 3087 1998 3171 ,Postilla-

345 3191 410 3256 lui‘
432 3199 608 3274 sequnntur
628 3190 824 3276 glossemate
847 3210 925 3274 ,pro
947 3191 1080 3256 imbra‘
1104 3199 1235 3257 extruso
1259 3191 1315 3258 cir.
1337 3192 1412 3259 inor.
1430 3191 1525 3257 Most.
1549 3212 1579 3276 p.
1596 3189 1660 3254 240
1681 3211 1753 3275 sqq.
1797 3190 1995 3255 continuo

347 3295 462 3359 Amor
503 3293 675 3378 advenit;
735 3293 782 3358 tlt
825 3292 999 3358 odronto
1036 3313 1103 3359 suo
1145 3294 1377 3378 grandinem
1436 3295 1675 3376 imbremque
1724 3290 1880 3358 attulit
1929 3290 1997 3358 rel:

346 3396 536 3464 Continuo
558 3398 672 3461 Amor
693 3395 740 3461 ml
762 3395 931 3460 adventu
953 3417 1022 3462 auo
1043 3397 1280 3480 grandinem
1311 3396 1549 3480 imbremque
1577 3395 1731 3462 attulit

429 3500 544 3583 ltaque
565 3497 696 3583 ignavia
719 3505 878 3582 tamquam
912 3505 1087 3584 tempestas
1109 3500 1297 3566 modestiam
1319 3509 1416 3583 atque
1437 3498 1672 3579 verecundiam,
1705 3519 1769 3583 qna
1794 3506 1898 3565 tectus
1927 3504 1999 3564 erat

345 3599 535 3669 adulescens
557 3601 612 3668 eir.
627 3623 657 3669 v.
669 3601 731 3666 155
752 3601 948 3684 deturbavit3
971 3621 1035 3686 qna
1055 3623 1165 3668 rursus
1179 3622 1250 3668 oum
1268 3603 1417 3688 optigere
1439 3621 1475 3668 se
1490 3601 1697 3687 neglexisset,
1717 3607 1818 3668 Amor
1831 3600 1996 3686 grandinis

344 3703 517 3788 imbrisque
538 3704 641 3770 instar
660 3704 791 3770 advenit
809 3704 983 3789 omniaque
1005 3705 1144 3770 funditus
1167 3704 1298 3770 delerit
1343 3704 1384 3770 stt
1411 3704 1616 3788 coniungitur
1639 3704 1767 3786 ,attollt‘
1790 3702 1902 3770 melios
1924 3721 1996 3769 oum

345 3809 475 3890 Amore,
505 3827 575 3874 oum
597 3806 675 3872 alibi
697 3826 824 3891 semper
846 3807 979 3872 Plautus
1001 3809 1101 3873 verbo
1124 3806 1293 3873 adserendi
1332 3807 1510 3872 subiectum
1532 3806 1715 3873 adiunxerit
1746 3825 1918 3891 personam
1944 3804 1999 3870 ali·

344 3927 439 3992 qnam
461 3911 519 3978 cir.
534 3911 667 3995 haugen
689 3911 729 3977 N.
745 3911 778 3976 J.
796 3908 878 3974 1882
892 3930 924 3994 p.
940 3909 1013 3976 617.
1059 3909 1126 3976 Nec
1149 3929 1229 3993 opus
1251 3917 1302 3975 est
1323 3929 1407 3993 qnae
1428 3930 1489 3995 per
1504 3931 1539 3976 se
1562 3910 1616 3976 rix
1635 3910 1791 3995 probetur
1812 3914 1999 3974 correctura

346 4012 463 4099 Buggii
496 4013 665 4080 scribentis
689 4013 926 4098 ,grandinem
949 4013 997 4077 mi
1020 4013 1208 4079 imbrices
1242 4011 1405 4096 attulit‘,
1441 4014 1489 4081 ita
1511 4022 1545 4079 ut
1572 4016 1704 4080 verbnm
1738 4013 1905 4079 adserendi
1927 4031 1998 4079 oum

344 4116 470 4182 duobos
491 4116 684 4183 accusativis
705 4123 921 4183 construatur.

739 4268 772 4336 2.
793 4267 897 4336 Truc.
919 4267 985 4336 sat
1007 4267 1309 4354 Astaplryllldlnm
1326 4267 1575 4352 ’1119111111

430 4372 527 4438 Potin
548 4381 585 4439 ut
604 4373 680 4438 mihi
702 4372 854 4439 molestus
875 4394 916 4440 ne
937 4373 1007 4440 sis?
1027 4394 1047 4437 1
1067 4357 1183 4458 11111,
1204 4373 1403 4458 Astaphium,
1428 4373 1582 4440 ltinmsti

430 4475 483 4540 lta
504 4475 605 4541 edidit
619 4475 799 4542 Schoellins
821 4496 896 4543 usus
918 4476 1110 4544 coniecturis
1129 4475 1316 4543 buecheleri
1338 4477 1477 4561 ,eqnid‘
1500 4473 1710 4559 etSpsugclii
1727 4471 1999 4555 Studamundique

345 4578 593 4662 Astaphium,
636 4577 817 4646 litiumst.
862 4579 952 4645 Libri
994 4585 1152 4645 tutantur:
1196 4578 1566 4665 Bqnidastapilitiri
1601 4585 1675 4654 est,
1719 4577 1776 4644 (il)
1816 4582 1882 4641 ast
1917 4573 1997 4657 api·

346 4679 530 4764 litiumst,
551 4681 577 4746 lr
600 4688 661 4747 cst
680 4682 933 4767 Asoaphiam,
953 4683 977 4748 Z
1000 4683 1242 4766 astaphinst,
1265 4681 1468 4749 Gamemrius
1484 4689 1590 4748 antem
1612 4679 1783 4767 proposuit
1796 4676 1997 4762 ,Astaphp

344 4782 468 4849 litium
511 4785 588 4861 est‘,
634 4784 817 4850 Gronovius
852 4785 992 4870 denique
1029 4784 1362 4870 ,Astopbilitinm
1399 4786 1479 4852 est‘.
1534 4783 1576 4851 llt
1606 4779 1917 4869 Astapbylitium
1961 4788 1995 4846 et

344 4886 635 4972 Astaphilitium
656 4888 778 4954 lormae
798 4889 925 4956 ratione
946 4899 1059 4958 carent
1080 4909 1187 4974 neque
1208 4889 1385 4955 inversum
1407 4889 1577 4972 quadrant.
1622 4884 1799 4970 Aptissima
1815 4889 1922 4950 autem
1948 4887 1998 4950 est

342 4990 578 5078 hypocoristioa
600 4991 703 5058 formu
731 4991 780 5057 illi
802 4992 887 5084 loeo,
908 4994 962 5060 ubi
984 4992 1218 5078 Stratophanes
1241 5012 1262 5058 a
1284 4991 1462 5057 Phronesio
1492 4990 1638 5077 repulsus
1672 4987 1825 5054 ancillam
1847 4988 1916 5054 eius
1939 5003 1998 5070 per

341 5093 516 5161 blanditias
538 5093 615 5175 adit,
649 5102 684 5160 ut
704 5114 776 5161 eam
797 5096 858 5161 sibi
879 5096 1040 5164 conciliet
1085 5096 1126 5163 11
1147 5094 1274 5163 accedit
1295 5095 1391 5160 etiem
1404 5113 1454 5204 ,aa
1475 5115 1571 5179 quam
1593 5091 1737 5178 proximo
1780 5091 1823 5158 11
1844 5091 2000 5158 librorum
