4454 5614
889 286 1096 353 ...13-

162 509 197 568 et
216 497 348 565 numine
369 495 527 581 quaedem
548 495 582 561 in
603 495 650 573 ,is¹
672 496 856 580 acciperent
876 493 1024 559 Graecae
1044 511 1111 559 non
1130 512 1306 579 congruam
1337 491 1584 559 declinationem
1605 493 1644 576 ,is
1670 529 1709 542 -
1732 493 1817 578 inia,‘

162 610 200 669 nt
220 598 409 680 Archilis,
432 597 589 665 Soteris
610 598 695 683 apud
718 595 876 677 Plautum,
899 594 1028 662 Thais
1049 595 1135 681 apud
1157 595 1344 664 Terentium
1364 594 1441 664 coll.
1462 594 1617 681 Holpis,
1649 595 1694 662 ini
1715 595 1821 683 (dat),

164 704 266 786 zois,
288 702 333 768 ini
354 699 426 786 ell.;
457 719 531 766 nam
553 699 586 765 in
614 699 724 766 latinis
751 719 880 784 quoquc
901 698 1082 765 nominibus
1104 697 1245 765 litteram
1265 698 1410 766 nualem
1425 702 1466 780 ,η’
1480 698 1513 765 in
1528 717 1676 766 semona
1693 699 1821 787 vulgari

165 805 341 875 accessisse
362 803 506 869 videmus
527 803 569 868 ed
590 803 707 887 stirpes
729 801 837 867 vocali
858 800 980 868 finitas:
1016 819 1105 887 spes
1141 801 1276 887 spanis
1311 800 1368 869 all.
1401 799 1581 868 Buecheler
1609 801 1641 870 d.
1666 800 1689 870 l.
1713 822 1744 887 p.
1767 801 1820 874 ee.

165 910 278 993 Neque
299 926 415 973 nomen
437 923 589 991 graecum
608 903 716 987 ullum,
740 904 827 988 quod
849 903 984 969 haberet
1005 904 1273 987 terminationem,
1293 924 1378 990 quae
1399 924 1470 972 cum
1484 903 1588 971 latine
1602 903 1713 990 aliqua
1725 904 1822 973 facile

166 1011 298 1096 aequari
316 1013 457 1095 poteret,
477 1005 573 1073 elium
596 1008 714 1073 exitum
735 1007 870 1092 accepit.
915 1007 1030 1091 ltaque
1053 993 1095 1073 err
1114 1005 1226 1074 indole
1248 1015 1345 1092 etque
1367 1015 1483 1075 nature
1511 1007 1670 1074 sermonis
1698 1009 1823 1094 antiqui

166 1125 201 1181 et
220 1111 326 1199 plebei
347 1111 474 1177 minime
496 1109 579 1177 effici
600 1118 710 1196 potest
730 1110 829 1177 ullum
851 1129 967 1176 nomen
983 1129 1135 1195 graecum
1150 1109 1267 1178 enidro
1289 1136 1330 1174 ων
1351 1111 1474 1178 finitum
1489 1109 1645 1178 uuidere
1660 1109 1822 1198 syllabam

167 1215 295 1282 finalem
315 1215 387 1297 ,uei
1722 1217 1725 1226 ’

252 1317 427 1384 Videamus
447 1335 540 1398 nunc,
563 1315 677 1401 quibus
699 1313 895 1400 argumentis
917 1314 1125 1382 mutationem
1146 1314 1235 1382 illem
1256 1337 1309 1385 rr.
1326 1316 1380 1384 dd.
1395 1317 1701 1386 demonstraverint
1741 1315 1824 1384 Sunt

166 1431 274 1491 eutem
294 1420 433 1502 nomina,
456 1438 540 1502 qnee
562 1417 603 1484 nd
624 1419 794 1484 herrorem
816 1417 1002 1499 afferuntur,
1026 1423 1119 1486 haec:
1157 1416 1190 1503 l)
1211 1417 1369 1504 simplicit
1389 1419 1531 1504 Dolus,
1553 1419 1742 1503 Traniua,
1763 1417 1825 1487 Al·

169 1543 334 1606 comeus,
367 1523 606 1607 Porporcns;
642 1521 676 1602 2)
698 1521 881 1605 composite
904 1520 1200 1604 Agameminne,
1238 1521 1560 1607 ldpitynchanus,
1580 1523 1822 1607 'liuthemun

168 1627 451 1712 architectus.¹)
496 1623 561 1693 Sed
583 1645 653 1692 cum
674 1624 760 1704 inde,
783 1623 870 1708 quod
892 1623 979 1708 apud
1005 1621 1139 1690 Latinos
1161 1631 1245 1691 teste
1261 1625 1412 1692 Varrone
1432 1626 1628 1694 declinatum
1642 1627 1686 1694 sit
1703 1623 1823 1694 Alcaeo

168 1729 353 1810 Alcanoris,
388 1729 450 1795 etsi
466 1725 619 1791 ’Δλνναόων
639 1728 724 1812 apud
757 1725 879 1793 nullum
914 1726 1077 1792 inventum
1110 1733 1162 1795 est
1196 1728 1388 1815 scriptorem
1410 1729 1569 1796 Graecum
1605 1749 1665 1816 pro
1702 1729 1823 1796 usitate

164 1833 300 1908 ’Δλννῖνς
313 1867 356 1882 ·-·
370 1850 473 1916 neque
495 1831 579 1896 enim
606 1829 757 1897 lleiueltii
790 1831 996 1896 coniecturee
1014 1825 1157 1892 ’Δνννόνν
1171 1829 1361 1916 adstipulor,
1383 1851 1457 1899 cnm
1477 1833 1564 1916 qued
1582 1829 1723 1909 ’Δλνννῖος
1744 1830 1826 1896 *ur-

168 1945 258 2000 entur
277 1941 336 2016 eat,
358 1943 394 2000 ut
415 1934 551 2009 Ἀνταῖος
567 1931 723 2008 unctor,
744 1941 809 1998 tum
831 1933 1031 2018 argumentis
1053 1941 1157 1999 motus
1173 1952 1194 1999 e
1209 1933 1424 2002 Fleckeisenu
1445 1933 1468 2001 l.
1481 1954 1510 2002 c.
1520 1933 1628 2001 allatis
1640 1971 1682 1984 -
1695 1935 1827 2002 nomine

169 2057 290 2126 graeca
311 2039 342 2103 in
365 2059 396 2112 ος
417 2036 516 2103 letine
546 2037 803 2103 terminationem
825 2055 867 2117 ,o,
888 2035 1005 2120 onis‘¹)
1027 2035 1192 2120 accepisse
1229 2056 1323 2104 nemo
1346 2037 1460 2104 merito
1493 2038 1668 2106 concludet
1699 2045 1734 2105 et
1765 2058 1825 2105 suo

169 2143 239 2208 iure
260 2135 888 2214 Ε’Ῑοο1οἰεοιινεἍλναῖοςο1*Ἀλναόννν
909 2138 1044 2204 eundem
1068 2159 1141 2206 esse
1162 2139 1326 2207 hominem
1347 2143 1532 2222 contendet,
1555 2143 1684 2209 nomine
1706 2161 1831 2228 graeca

169 2246 203 2311 in
224 2267 275 2327 ων,
297 2245 325 2309 si
346 2244 432 2328 apud
456 2242 586 2308 latinos
607 2243 729 2307 formae
749 2240 881 2308 alterins
903 2239 1127 2309 declinationis
1142 2262 1253 2312 eorum
1272 2245 1487 2330 reperientur,
1501 2266 1529 2311 a
1553 2244 1678 2312 Latinis
1701 2244 1826 2311 demum

171 2348 396 2414 terminatione
417 2345 474 2426 ,ω’
495 2345 608 2411 indute
622 2363 693 2410 esse
716 2343 770 2410 rix
791 2343 1007 2410 verisimiliter
1027 2346 1189 2414 statuitur.
1233 2348 1285 2412 lte
1306 2347 1411 2410 Δόόννν
1431 2367 1497 2414 ncn
1522 2348 1699 2434 reepondet
1720 2347 1824 2414 letina

171 2450 304 2518 Dolus.
348 2451 440 2529 Quae
462 2449 598 2515 nominis
619 2450 732 2529 forma,
754 2449 826 2531 etsi,
848 2449 936 2532 quod
955 2447 1073 2516 Pseud.
1100 2445 1183 2514 1244
1203 2449 1237 2515 in
1259 2450 1331 2518 edd.
1347 2457 1425 2519 vett
1445 2450 1566 2535 legitur
1587 2459 1621 2516 ct
1643 2449 1828 2518 detenditur

172 2564 270 2639 atquc
290 2555 323 2620 in
345 2553 456 2620 lexicis
478 2554 661 2619 etiamnunc
692 2559 892 2638 propagetur
911 2551 1061 2635 ,Dclnm‘,
1084 2552 1263 2619 nomnium
1291 2555 1411 2638 probet
1448 2563 1483 2621 et
1503 2562 1637 2639 recepta
1658 2560 1709 2620 eat
1729 2553 1828 2620 lectio

170 2657 312 2740 ,dolnm¹,
335 2668 443 2722 wmen
479 2654 564 2740 epud
594 2655 807 2723 Ribbeclrinm
841 2655 929 2722 (lom.
950 2655 1011 2740 irg.
1035 2675 1067 2739 p.
1087 2653 1128 2719 14
1149 2655 1264 2734 ,Dolus
1284 2657 1343 2724 uir.
1364 2653 1475 2722 Δόλων
1495 2655 1623 2724 ldebuli‘
1658 2657 1829 2725 invenitur.

173 2761 263 2840 Quae
285 2761 472 2827 coniectura
503 2778 685 2843 quanquam
708 2758 905 2844 argumentis
938 2758 1071 2843 probari
1099 2759 1218 2844 nequit,
1256 2768 1363 2828 nmen
1391 2761 1532 2830 nominis
1566 2763 1692 2847 proprii
1724 2761 1830 2828 iorma

174 2863 302 2930 diversa
321 2863 450 2929 minime
472 2862 618 2947 cogimur
639 2883 710 2927 eam
730 2861 929 2948 impugnare.
973 2859 1042 2928 Nec
1064 2848 1172 2928 temen
1192 2862 1302 2926 Δόλων
1322 2863 1356 2928 in
1378 2864 1502 2931 Dolus
1524 2865 1679 2932 transisse
1701 2881 1832 2932 conces·

174 2967 279 3048 serim,
301 2967 359 3032 sed
380 2966 515 3032 altorem
536 2965 670 3031 formem
692 2981 842 3050 graecam
867 2961 987 3038 *Adtor
1008 2963 1107 3030 inisse
1128 2966 1326 3033 contendere
1347 2966 1460 3034 enaim.
1504 2965 1578 3034 Non
1598 2967 1758 3053 reperitur
1770 2967 1832 3034 ille

172 3068 301 3155 quidem
322 3069 355 3135 in
375 3069 554 3135 litterarum
575 3068 796 3146 monumentis,
819 3087 902 3151 quae
917 3074 1056 3148 emunt,
1078 3068 1136 3133 sed
1157 3069 1333 3153 reepondet
1353 3069 1536 3154 praeceptis
1555 3070 1685 3137 nomina
1699 3070 1832 3156 proprie

172 3171 341 3239 formandi.
386 3172 524 3238 Nomina
545 3173 629 3238 enim
650 3167 930 3254 blandiloquentia
951 3169 1139 3254 saepissime
1160 3171 1203 3252 ,o‘
1225 3170 1333 3238 vocali
1355 3172 1455 3258 priori
1480 3172 1641 3238 nominum
1663 3173 1756 3258 stirpi
1778 3172 1833 3239 ed·

172 3275 283 3341 iuncte
303 3277 474 3342 flectuntur
494 3274 599 3342 altera
621 3272 847 3354 declinatione,
863 3282 896 3339 et
916 3273 1001 3340 sicut
1020 3273 1194 3339 eorundem
1210 3274 1372 3341 nominum
1393 3273 1576 3360 pleniorum
1590 3273 1834 3361 blandiloquen-

171 3377 243 3444 tuln
275 3387 351 3442 sent
382 3376 482 3453 Adrou
513 3373 952 3458 Atror,'1rtaoo;’ntnipov,
987 3373 1095 3450 Ἵππυς
1109 3373 1238 3450 Ἵππων,
1258 3374 1383 3461 Me'prur
1404 3376 1538 3462 erlem
1566 3377 1623 3445 all.
1647 3376 1750 3464 ell.,⁸)
1785 3378 1833 3445 itu
1882 3456 1888 3465 .

171 3480 337 3547 nominum
357 3481 465 3563 Δόλοψ
484 3484 645 3544 domator
674 3499 792 3545 nomen
823 3478 1066 3562 blandiloquum
1088 3484 1139 3545 eet
1160 3486 1194 3545 et
1214 3475 1326 3543 Δόόννν
1346 3487 1381 3545 et
1401 3478 1528 3563 *Δόλνς,
1566 3499 1703 3564 quornm
1726 3481 1791 3547 hoc
1812 3500 1834 3547 a

173 3584 298 3650 urinis
320 3592 484 3668 receptum
506 3591 565 3665 cst,
586 3583 663 3666 quie
684 3581 850 3650 alludebat
871 3582 913 3648 ad
934 3581 1059 3661 ,delusi
1080 3615 1125 3628 -
1143 3582 1218 3646 dem
1240 3581 1482 3666 Fleckeisenua,
1505 3583 1593 3651 Brix.
1611 3583 1757 3653 1111901
1774 3583 1831 3652 all.

176 3688 391 3752 eccmetirum
412 3685 595 3753 Tranium
616 3687 713 3754 lloet.
729 3685 793 3754 560
808 3693 842 3752 et
856 3686 997 3752 dativum
1019 3683 1168 3750 'l'ranic
1189 3685 1287 3751 ldost.
1301 3683 1384 3751 1169
1401 3707 1421 3752 e
1436 3685 1635 3752 nominativo
1658 3687 1832 3754 Tranius

174 3787 370 3855 descendere
393 3789 522 3874 volunt3
544 3788 681 3856 Bitschl.
701 3790 743 3856 de
764 3793 848 3858 turb.
872 3790 942 3855 ord.
962 3807 1051 3854 soen.
1066 3787 1160 3854 licet
1180 3807 1212 3871 p.
1229 3787 1282 3868 24,
1304 3786 1441 3875 Pererg.
1457 3789 1521 3857 tue
1535 3799 1617 3870 not..
1640 3791 1731 3858 Brix.
1746 3791 1834 3858 Men.

175 3889 249 3972 980,
272 3889 362 3976 Oapt.
383 3891 456 3976 981,
479 3893 614 3960 Lorcne.
638 3893 734 3961 llost.
756 3891 821 3960 560
842 3891 1071 3960 nominativum
1092 3891 1306 3976 ,Treninm‘
1329 3911 1402 3958 esse
1423 3900 1570 3960 censent.
1614 3893 1739 3960 Horum
1764 3913 1834 3961 sen·

175 3993 297 4060 tentiae
334 3994 473 4084 unedo„
508 3995 726 4081 Blendiloqua
757 3996 840 4062 enim
862 3996 993 4062 nomina
1013 3997 1047 4062 in
1067 4019 1111 4072 ννς
1145 3996 1230 4081 apud
1251 3994 1427 4080 scriptores
1461 3997 1601 4080 optimos
1635 3997 1834 4064 Graecorum

175 4118 246 4166 cum
265 4117 400 4182 perraro
419 4095 538 4186 eunti)
561 4107 627 4164 tum
649 4098 806 4166 eiusmodi
828 4118 943 4165 nomeu
966 4099 1093 4166 minime
1115 4099 1149 4165 in
1170 4117 1338 4165 servornm
1358 4117 1532 4183 personam
1553 4099 1706 4167 convenit
1729 4119 1836 4184 neque

176 4199 276 4266 ullum
292 4199 381 4265 uliud
403 4199 470 4267 tale
491 4203 577 4286 epud
590 4200 741 4268 Plautum
755 4201 888 4287 legiter:
909 4222 984 4268 nam
1004 4201 1217 4288 Paegnins,
1241 4201 1329 4285 qnod
1343 4219 1458 4266 nomen
1474 4199 1566 4286 cept
1577 4197 1639 4268 981
1654 4201 1835 4302 legebatur,

175 4303 240 4369 iam
261 4309 442 4370 correctum
465 4313 516 4370 est
535 4306 568 4372 in
589 4304 813 4391 Paegnium.
858 4308 968 4390 Atque
987 4304 1085 4373 etiem
1106 4305 1139 4372 in
1162 4307 1334 4372 verborum
1364 4311 1550 4370 centenum
1574 4305 1679 4371 torma
1699 4305 1837 4392 hypccc·

176 4406 287 4472 risdce
322 4406 443 4493 optimo
474 4407 620 4491 quadrat
674 4409 790 4493 Itaque
826 4409 940 4474 eadem
962 4428 1003 4475 ex
1031 4409 1133 4494 stirpe
1153 4417 1224 4492 νρᾶν
1238 4442 1280 4456 -
1295 4405 1412 4494 (νρανὴς
1433 4405 1513 4490 rodo
1526 4407 1682 4496 utpotae)
1716 4406 1838 4496 duplici

179 4507 292 4574 suffixo
314 4545 357 4560 -
370 4532 425 4572 νων
447 4518 480 4576 et
500 4533 546 4572 ννν
564 4513 652 4580 iacta
684 4518 762 4578 sunt
782 4509 910 4577 uomina
933 4513 1067 4596 Τρανόννν
1088 4515 1213 4594 Ίζννινν
1238 4509 1386 4576 similiter
1408 4517 1506 4594 atqw
1540 4511 1655 4578 iisdem
1687 4510 1837 4597 personis

180 4608 365 4679 blandiendi
384 4613 437 4680 rel
459 4614 584 4682 ironiae
605 4634 707 4683 censa
725 4615 856 4682 nomina
887 4614 1086 4682 deminutira
1110 4615 1241 4682 dantur:
1274 4611 1458 4699 Olympio
1481 4612 1730 4700 Olympiacae
1754 4613 1836 4698 Oen,

178 4713 388 4798 Lampadio
425 4717 707 4804 lampediecus
730 4717 820 4802 Olet,
856 4717 1022 4804 liilphlo
1046 4716 1325 4802 Milphidiscns
1347 4717 1457 4798 Poen,
1493 4715 1619 4802 Syrus
1650 4717 1837 4803 Syriscus

263 4871 281 4938 ¹)
297 4867 460 4926 Alementnr
478 4889 510 4924 :r
529 4869 697 4942 hamdan,
718 4871 793 4929 unde
818 4871 941 4928 hamerit
963 4869 1074 4926 Brixiae
1090 4867 1164 4924 lien.
1183 4870 1242 4940 lte,
1268 4869 1375 4938 munim
1401 4868 1566 4925 Riteelreliur
1583 4867 1655 4939 Opp.
1672 4869 1706 4924 ll.
1723 4884 1752 4938 p.
1770 4870 1835 4938 491,

178 4957 239 5025 496,
255 4953 424 5014 Ribbecliue
439 4957 504 5030 Τις.
518 4957 553 5014 ir.
570 4960 638 5015 Aca
654 4961 719 5014 ddi*
735 4975 763 5029 p.
780 4961 832 5014 220
847 4963 985 5014 metentur
1006 4958 1165 5012 Alumentu.
1200 4956 1222 5025 ¹)
1241 4948 1378 5024 Μρπίθς
1402 4956 1512 5024 mrpio
1533 4985 1564 4998 -··
1583 4948 1730 5025 σκορπίων
1758 4971 1838 5010 arcu·

176 5041 286 5098 bellum
299 5071 329 5085 -
342 5044 475 5114 scorpius.
517 5049 537 5116 ⁸)
572 5045 622 5102 cir.
644 5043 712 5102 eree
743 5045 847 5117 gn'eolr.
864 5044 1105 5101 Perrcnsnnemen
1131 5059 1160 5113 p.
1178 5040 1277 5097 xviri
1304 5058 1365 5112 sqq.
1382 5045 1411 5097 et
1432 5041 1532 5099 XXIV.
1549 5061 1608 5114 sqq.
1644 5045 1665 5113 ⁸)
1684 5040 1734 5098 oir.
1756 5041 1828 5098 Εἰσὶ

178 5127 392 5198 lenm.
1633 5199 1667 5253 2.
