4454 5614
1053 263 1243 330 -4..

324 475 564 561 argumentis
584 492 740 558 sempor
770 473 1033 560 praepositiones
1054 477 1132 538 sunt
1155 472 1307 552 omissae,
1341 472 1375 538 in
1395 473 1541 560 prologis
1564 474 1700 541 eundern
1720 475 1790 541 fera
1818 475 1993 560 deprehen·

324 580 427 647 dimus
459 577 733 665 praepositionum
755 595 855 661 usum,
892 596 986 661 quem
1006 575 1093 660 epod
1115 573 1265 643 Plautum
1298 576 1404 660 ipsum
1435 576 1725 672 (Argiahtheuis,
1758 577 1927 664 Syracusis
1948 613 1989 628 -

325 679 543 767 Carthaginei,
565 679 710 764 Tarenti,
732 677 765 745 in
780 677 888 774 Alide,
909 679 942 744 in
963 677 1135 763 Apulia-
1147 675 1345 763 Carthagine
1369 715 1409 728 -
1431 680 1588 762 Athenas,
1604 679 1792 766 Syracusas,
1805 681 1990 766 Tarentum,

325 783 480 870 Cyrenas,
504 782 703 869 Calydonem
725 784 754 866 l,
780 782 814 847 in
837 775 1034 868 calydonem
1057 778 1086 864 1,
1109 780 1322 866 Epidamnum
1344 781 1375 865 2,
1396 782 1433 848 in
1454 783 1666 869 Epidamnum
1687 783 1719 867 2,
1753 783 1990 870 Carthaginem,

323 889 358 955 in
373 887 594 970 Anactorium,
617 906 659 952 ex
672 885 861 966 Anactorio,
883 885 917 951 in
928 884 1082 961 Siciliam,
1102 881 1277 970 Rhodum).
1322 879 1461 970 Semper
1480 893 1588 952 antem
1609 885 1885 971 praepositionem
1905 905 1994 954 usur·

325 999 435 1078 petam
456 1009 531 1056 esse
559 989 593 1054 in
613 989 798 1055 nominibus
819 987 1092 1069 Anactorium,
1113 986 1297 1069 Piraeus,
1331 987 1540 1072 Seleucia,
1561 989 1639 1055 inde
1661 997 1712 1055 est
1743 989 1990 1075 explanandum,

327 1098 414 1179 qnod
434 1091 691 1160 Anactorium
724 1099 757 1158 et
777 1091 1031 1176 promunturium
1054 1095 1088 1154 ct
1109 1095 1237 1174 portum
1261 1089 1434 1175 significet,
1468 1091 1636 1158 Piraeus
1660 1099 1769 1158 autem
1791 1090 1880 1171 61901
1900 1089 1993 1158 intel·

324 1197 483 1284 legendus
506 1205 558 1262 ert
578 1195 636 1263 cir.
658 1194 726 1262 (lic.
748 1198 817 1262 Art.
841 1194 917 1261 VH.
929 1196 959 1262 3.
983 1192 1024 1258 10
1045 1211 1126 1276 sqq,
1148 1191 1341 1260 Seleucia
1361 1195 1479 1261 deinde
1498 1195 1739 1279 in'l'n'nummo
1761 1214 1828 1262 non
1839 1195 1990 1281 oppidum

326 1308 388 1386 est,
407 1300 570 1366 sedidem
591 1297 763 1388 significat,
783 1298 871 1382 qnod
891 1299 1029 1372 Σελευκίς
1050 1293 1107 1361 cir.
1132 1294 1220 1362 Bria.
1244 1296 1335 1364 Trio.
1360 1298 1432 1366 112.

413 1471 557 1538 blandem
578 1470 708 1536 omnino
743 1469 1029 1552 constructionem,
1066 1489 1162 1554 quarn
1199 1469 1391 1554 oppidorum
1426 1469 1604 1551 nominum,
1639 1469 1816 1554 reporimus
1850 1469 1884 1535 in
1909 1489 1991 1537 voce

328 1574 609 1644 Acchernntis.
653 1573 739 1638 Nam
759 1571 833 1640 (las.
849 1571 894 1639 11.
916 1573 948 1638 8.
972 1570 1013 1636 12
1044 1571 1258 1654 ,Certumst
1279 1572 1550 1640 Acheruntem
1584 1572 1836 1657 praemittam
1869 1572 1990 1658 prius‘

329 1697 441 1745 versus
462 1695 528 1743 non
551 1683 684 1743 sanatur
711 1674 824 1743 addita
845 1675 1089 1760 praepositione
1113 1676 1192 1756 ‚ad¹,
1214 1675 1272 1741 sed
1302 1679 1406 1755 ,enm‘
1425 1682 1502 1761 post
1522 1679 1730 1755 ,certumst‘
1763 1674 1856 1740 illato
1879 1693 1991 1740 versus

328 1780 453 1848 hiulcus
475 1799 548 1848 esse
571 1777 700 1846 desinit.
744 1779 820 1846 Jam
842 1779 939 1844 bloet.
962 1775 1027 1842 449
1049 1779 1351 1862 ‚Acchernntcm
1372 1778 1564 1862 recipere‘
1586 1779 1628 1844 ab
1661 1778 1807 1844 omnibus
1826 1784 1992 1863 receptum

330 1891 391 1964 est,
411 1884 509 1950 hlost
530 1883 595 1950 599
617 1889 723 1948 autem
745 1878 843 1947 lectio
865 1881 1011 1967 uulgaris
1033 1901 1075 1948 ex
1093 1881 1178 1948 libro
1207 1883 1236 1948 B
1257 1882 1405 1968 prolecta
1426 1882 1486 1960 ‚hd
1508 1884 1777 1948 Acheruntem‘
1798 1881 1862 1947 iam
1884 1901 1905 1947 a
1925 1881 1994 1948 Rit-

329 1986 462 2068 scholio,
484 1985 642 2054 Lorenrio
678 1986 793 2052 merito
825 1985 978 2072 neglecta
1013 1993 1046 2052 et
1067 1985 1269 2071 praepositio
1291 1986 1369 2068 ,sd‘,
1392 2005 1488 2069 qnam
1516 2004 1677 2068 nonquam
1711 2005 1782 2052 corn
1810 1984 1992 2051 nominibus

329 2092 455 2158 urbium
485 2088 649 2172 coniungi,
685 2096 720 2154 ut
740 2097 885 2158 noenum
916 2089 959 2169 ,in
982 2089 1046 2158 don
1067 2089 1160 2156 Ach‘
1183 2089 1423 2173 exprimeretur,
1461 2088 1525 2154 iam
1547 2087 1694 2166 vidimus,
1730 2107 1813 2172 qnae
1833 2086 1930 2153 facile
1952 2105 1993 2150 ex

330 2194 635 2276 ‚Acchernntcm‘
657 2193 780 2258 formae
795 2192 888 2259 initio
904 2191 982 2259 oriri
998 2191 1149 2278 potuim)
1173 2199 1224 2257 est
1238 2191 1362 2269 deleta
1380 2191 1580 2258 Ribbechius
1596 2192 1724 2276 quidam
1741 2191 1868 2276 Trg.lr.
1880 2209 1911 2274 p.
1923 2187 1992 2255 XX

329 2305 367 2363 ut
384 2299 573 2380 retineatur,
595 2295 757 2381 suadet.¹)
799 2295 903 2363 Poen.
924 2294 1007 2380 prol.
1031 2295 1069 2361 71
1093 2295 1156 2360 iam
1179 2313 1201 2359 a
1221 2293 1380 2378 Bentleyo
1414 2295 1612 2379 praepositio
1634 2294 1697 2374 ,sd‘
1720 2301 1771 2360 est
1792 2294 1907 2360 eiecta
1950 2291 1994 2357 lut

329 2400 433 2466 Poen.
454 2399 516 2467 IV.
547 2395 628 2468 2.9
670 2399 858 2482 ,Quodvis
900 2415 1025 2486 genus
1058 2397 1114 2464 ibi
1148 2399 1340 2464 hominnm
1387 2397 1533 2466 rideas
1576 2399 1688 2481 quasi
1732 2397 1992 2464 Acheruntem

331 2503 497 2572 reneris‘
528 2501 665 2589 simplex
685 2501 888 2569 accusativus
920 2502 1108 2586 agnoscitur
1144 2507 1178 2567 et
1199 2502 1242 2567 ab
1263 2500 1315 2580 iis,
1347 2500 1401 2583 qui
1422 2499 1497 2566 inde
1530 2502 1663 2586 primam
1684 2501 1773 2567 vocis
1795 2501 1993 2584 Acherunls

331 2626 403 2674 csse
426 2609 556 2673 brevem
578 2605 737 2692 syllabam
771 2604 922 2670 evincere
941 2605 1083 2684 student,
1106 2610 1141 2670 et
1172 2604 1347 2681 retinetur,
1372 2603 1400 2668 si
1422 2604 1582 2670 vocabulo
1605 2604 1823 2684 ,hominnm‘,
1844 2604 1932 2688 qnod
1953 2622 1995 2668 ex

331 2709 536 2794 antecedenti
558 2729 653 2775 versu
678 2705 774 2773 facile
789 2706 901 2772 inferri
921 2706 1037 2792 potnit,
1058 2705 1167 2772 deleto
1182 2707 1319 2791 primam
1340 2706 1431 2772 illam
1452 2706 1611 2792 syllabam
1630 2708 1783 2774 aPlauto
1804 2708 1995 2793 productam

331 2833 404 2886 csse
426 2811 641 2895 statuimus.⁸)
685 2809 750 2877 Sed
773 2807 950 2876 ’11111494
971 2809 1181 2889 ,censetur
1202 2828 1330 2876 censu
1351 2811 1398 2876 ad
1420 2811 1704 2877 Acchoruntem
1727 2815 1907 2877 mortuos‘
1928 2808 1993 2889 ubi,

331 2937 403 2986 oum
424 2916 480 2990 ‚ad
503 2914 792 2981 Acchoruntem‘
815 2933 880 2979 noo
902 2914 986 2980 verti
1006 2913 1112 2999 possit
1132 2912 1185 2994 ,im
1208 2914 1366 2980 Acheron‘
1392 2913 1510 2999 quippo
1531 2915 1617 2999 qnod
1644 2914 1780 2982 Plautus
1802 2933 1938 2999 semper,
1957 2919 1994 2979 nt

329 3019 459 3088 illaria
478 3018 553 3086 roci
573 3018 732 3096 subesset,
756 3017 1019 3084 Acchoruntei
1038 3015 1167 3089 dherit.
1188 3017 1318 3084 Brixius
1338 3017 1571 3102 interpretatus
1596 3025 1647 3084 est
1673 3017 1764 3096 ‚wind
1787 3017 1993 3100 abgesohttat

331 3124 397 3190 und
418 3121 588 3207 geschicht
620 3139 690 3184 rum
712 3119 882 3199 Acheron‘,
904 3137 1089 3205 praegnans
1110 3117 1168 3186 illa
1197 3121 1289 3186 verbi
1313 3121 1471 3187 censendi
1491 3121 1540 3186 vis
1562 3128 1598 3187 ut
1618 3141 1677 3206 per
1697 3140 1733 3186 se
1754 3119 1904 3204 displicet
1932 3135 1993 3182 nec

331 3225 485 3292 aBrixio
500 3222 649 3308 exemplo
669 3221 797 3288 firmata
818 3227 879 3300 est,
899 3221 946 3288 ita
965 3222 1137 3289 verborum
1152 3223 1234 3288 ordo
1256 3223 1326 3307 ipse
1348 3223 1501 3308 postulat,
1522 3231 1558 3288 ut
1573 3232 1735 3290 vertamus
1757 3224 1809 3302 ,im
1825 3221 1995 3298 Acheron‘,

332 3346 404 3396 cnm
425 3333 569 3394 mortuus
590 3344 667 3404 non,
689 3331 860 3409 postquam
884 3343 999 3391 census
1020 3330 1081 3403 est,
1102 3325 1144 3389 sd
1165 3325 1287 3391 inform
1309 3327 1461 3404 mittatur,
1483 3327 1542 3393 ssd
1564 3328 1650 3413 apud
1670 3327 1792 3392 inferos
1815 3324 1992 3391 mendicum

332 3437 366 3498 et
385 3429 660 3516 opulentissimum
690 3427 848 3494 tantidem
885 3427 1051 3494 aestimari
1085 3433 1185 3512 poeta
1221 3425 1331 3494 dicere
1352 3428 1442 3495 velit.
1488 3431 1534 3496 Ac
1554 3449 1596 3495 ne
1629 3431 1689 3508 ,sd
1713 3427 1989 3496 Acchernntem‘

331 3533 459 3620 quidem
482 3533 525 3612 ,in
546 3533 610 3598 den
633 3531 791 3597 Acheron‘
821 3527 958 3596 Plautus
993 3549 1132 3614 unquam
1154 3529 1280 3614 dirit‘)
1331 3531 1421 3596 Adde
1445 3532 1530 3614 quod
1563 3531 1710 3616 legitima
1739 3535 1908 3599 verborum
1930 3528 1998 3596 col·

331 3636 454 3704 locatio
488 3642 725 3715 est,consum
761 3636 944 3698 censere‘.
989 3631 1081 3712 Quas
1102 3653 1173 3699 cum
1210 3633 1257 3698 ita
1278 3633 1353 3712 sint,
1389 3633 1562 3719 legendnm
1593 3655 1666 3702 esse
1702 3643 1824 3702 stutno:
1868 3632 1993 3699 ucnso

333 3746 517 3830 censetur
538 3733 811 3804 Acchoruntei
846 3739 1032 3804 mertuos.
1086 3736 1192 3802 litium
1226 3735 1386 3804 hocloco
1417 3736 1619 3822 praepositio
1641 3740 1688 3805 ad
1709 3737 1805 3804 facile
1837 3755 1879 3802 ex
1898 3736 1994 3802 initio

331 3842 423 3910 vocis
446 3842 730 3909 Accheruntem
751 3838 913 3924 proticisci
934 3839 1042 3925 potnit
1064 3847 1098 3904 et
1118 3858 1306 3906 consonans
1322 3842 1373 3918 ‚m‘
1390 3841 1594 3922 exsequenti
1610 3844 1773 3922 ,momuos‘
1796 3839 1839 3904 ad
1860 3839 1994 3906 Acchs·

331 3953 483 4012 runtern
518 3943 659 4028 adiungi.
710 3943 781 4009 Nec
812 3961 894 4028 opus
916 3948 968 4007 est
1005 3941 1192 4009 coniectore
1225 3942 1399 4009 Ribbeckii
1420 3943 1499 4027 Τις.
1519 3942 1558 4012 ir.
1585 3965 1617 4030 p.
1644 3943 1723 4021 XX,
1757 3941 1812 4026 qui
1843 3962 1915 4009 cum
1937 3941 1994 4008 (ll)

332 4047 468 4116 censui
489 4048 675 4132 praebeant,
708 4045 779 4112 lieri
798 4064 898 4131 posse
921 4052 1024 4129 putat,
1057 4052 1093 4110 nt
1113 4045 1257 4130 legatur:
1294 4053 1486 4114 censetur
1505 4047 1651 4114 censnd
1680 4045 1726 4111 ad
1749 4046 1855 4130 Ach.;
1886 4045 1997 4111 studet

332 4151 418 4220 onim
453 4169 549 4235 quam
581 4148 721 4234 plurima
754 4148 787 4214 in
807 4169 905 4216 unum
938 4167 1117 4236 congerere
1150 4147 1308 4236 exempla,
1344 4152 1459 4234 quibus
1494 4151 1627 4237 primam
1648 4147 1808 4234 syllabam
1842 4146 1993 4215 vocabuli

330 4253 568 4322 Acheruntis
589 4254 722 4320 brevem
743 4269 817 4318 esee
840 4251 1017 4318 evincatur.
1062 4253 1329 4319 Acchernntei
1348 4259 1456 4319 antem
1470 4253 1607 4320 formam
1627 4251 1803 4331 introduxi,
1817 4250 1902 4336 qnod
1916 4247 1991 4314 libri

331 4357 509 4426 locaturum
546 4375 640 4440 quern
673 4354 786 4421 mount
815 4361 976 4421 testantur
1009 4356 1255 4422 Acchorunti
1277 4357 1367 4442 capt.
1388 4355 1460 4440 686,
1483 4355 1557 4436 995,
1587 4357 1688 4422 llere.
1703 4355 1765 4422 111.
1779 4353 1811 4422 4.
1826 4353 1866 4418 21
1888 4349 1994 4438 (606),

332 4461 430 4528 l'ruc.
453 4459 507 4528 IV.
523 4457 610 4526 236
632 4455 736 4543 (749),
771 4475 836 4522 ιιιιο
857 4464 969 4526 autem
997 4457 1072 4525 loco
1106 4458 1210 4526 Poen.
1231 4459 1258 4527 l.
1278 4461 1310 4526 3.
1329 4457 1370 4527 22
1392 4461 1652 4539 Accheronte,
1687 4459 1735 4526 ita
1767 4465 1801 4524 ut
1830 4453 1992 4521 locativus

332 4561 599 4632 Acchoruntei
629 4560 729 4627 luisse
750 4560 908 4628 rideatur.
953 4562 1000 4628 Ut
1021 4569 1129 4628 eutem
1148 4561 1250 4646 locus,
1284 4563 1371 4630 unde
1393 4564 1470 4648 qnid
1489 4563 1669 4649 profectum
1687 4568 1783 4640 esset,
1812 4563 1993 4637 notaretur,

332 4667 456 4752 antiqui
476 4665 526 4732 illi
558 4665 709 4732 dixerunt
728 4665 994 4732 Acchernnte:
1025 4664 1147 4731 Ennius
1167 4673 1232 4751 trg.
1252 4665 1275 4734 i.
1289 4667 1312 4734 i.
1335 4667 1424 4746 ara,
1445 4665 1488 4734 Il.
1502 4685 1534 4752 p.
1550 4662 1622 4744 245,
1654 4665 1709 4732 uhi
1727 4660 1937 4739 Ribheohius,
1957 4666 1996 4726 ut

331 4761 439 4838 brevis
461 4769 556 4835 lieret
574 4767 678 4853 prima
698 4765 825 4852 syllaba
857 4767 993 4833 nominis
1016 4767 1183 4834 Acheruns
1205 4768 1277 4848 ‚sb‘
1298 4769 1331 4835 in
1353 4776 1472 4854 poetae
1493 4771 1596 4836 rerba
1615 4766 1748 4833 infersit
1791 4767 1900 4848 Atque
1921 4775 1992 4830 curn

332 4881 448 4960 qnater
467 4871 576 4940 neom
595 4870 730 4957 primam
750 4869 908 4956 syllabam
930 4871 1084 4938 aPlauto
1106 4872 1296 4956 productam
1320 4891 1394 4939 esse
1418 4873 1505 4939 inter
1520 4891 1630 4940 omnes
1651 4874 1779 4937 consta
1799 4886 1904 4952 neque
1924 4864 1991 4944 ,ab‘

404 5025 433 5098 r)
450 5025 580 5084 soson
617 5027 638 5097 ιι
655 5022 731 5082 uriz.
748 5023 825 5080 nra
848 5042 876 5096 p.
895 5027 928 5080 rr
945 5024 1061 5080 merem
1086 5023 1122 5080 ss
1138 5024 1335 5082 sermnem
1374 5023 1480 5095 aasz
1497 5025 1516 5080 1.
1534 5042 1571 5082 a:
1595 5023 1672 5095 qum
1689 5021 1884 5080 sermnem
1918 5017 1939 5089 ιι
1957 5015 1994 5072 m

333 5091 1231 5166 mensurasseoapmrrmomnngegm
