4454 5614
1103 355 1314 420 ...12-

370 559 785 627 alaemanniae.
807 561 839 628 a.
861 570 885 628 t.
908 581 937 630 ι
961 561 1173 643 retrosus,
1206 562 1248 628 11.
1274 561 1321 629 ιι.
1343 562 1387 630 ιο
1408 565 1646 646 tortuosum,
1666 567 1693 634 1.
1712 570 1745 636 ι
1770 567 1811 633 10
1829 571 1946 636 noter
1978 591 2037 656 ριι
2121 556 2129 574 ·

371 662 479 742 Noti,
502 663 528 728 I.
555 664 604 728 10.
630 661 668 728 ts
692 662 909 741 Tessaloe,
940 662 1392 733 naamaniticae·
1424 686 1484 752 pro
1513 670 1677 736 Titanos
1711 669 1879 756 leguntur·
1915 672 2036 740 nullum

371 775 478 832 autem
493 764 673 860 exemplum
693 766 769 831 nori
772 786 859 850 ,qno
874 787 991 833 nomen
1006 766 1140 851 aliquod
1153 767 1386 834 nobilissimum
1407 776 1474 836 tam
1488 772 1629 856 antiquis
1645 773 1841 856 temporibus
1862 780 2034 860 tantopere

370 869 415 932 sit
434 855 653 951 depravatum.
698 867 792 932 Adde
813 868 900 952 quod
922 887 987 933 non
1008 871 1176 936 notionem
1196 871 1369 956 propriam,
1391 873 1451 938 sed
1473 873 1656 940 universam
1677 873 1710 939 in
1733 875 1793 940 hae
1813 894 1897 942 voce
1917 877 2035 961 inesse,

370 990 455 1054 quae
475 969 614 1036 relativo
637 969 802 1035 enuntiato
826 969 1014 1054 explicetur,
1035 972 1150 1038 merito
1180 973 1261 1038 vidit
1283 972 1510 1058 Kiesslingins.
1554 977 1638 1043 Nam
1660 976 1737 1061 ,qui
1758 976 1866 1043 cluet
1886 979 2034 1045 (lucino

370 1077 488 1159 patre‘
500 1083 547 1138 ut
568 1073 707 1138 nominis
722 1073 844 1157 proprii
835 1073 993 1141 Tithoni
1014 1075 1239 1159 interpretatio
1256 1093 1532 1160 supervacaneum
1553 1086 1587 1145 et
1599 1079 1744 1163 ineptum
1759 1087 1818 1146 ιιι.
1863 1083 2036 1148 Atnomen

369 1178 552 1242 universum
587 1175 646 1241 tali
666 1176 765 1241 effato
790 1175 910 1260 optime
949 1176 1233 1244 circumscribitur.
1289 1178 1380 1256 Quae
1402 1200 1473 1246 cnm
1506 1182 1554 1247 ita
1574 1181 1650 1264 sint,
1684 1181 1835 1248 Plautum
1861 1184 2033 1268 scripsisse

369 1299 499 1359 censeo,
521 1280 610 1364 quod
628 1279 703 1344 libri
724 1285 757 1344 et
778 1279 963 1346 Priscianus
984 1289 1153 1354 testantur,
1178 1280 1364 1346 Titanum
1397 1301 1534 1369 eumque
1554 1283 1809 1369 intellegendum
1832 1304 1904 1350 esse
1926 1286 2037 1352 Titho-

369 1405 454 1451 nnm.
499 1383 658 1450 Tithonus
687 1391 795 1449 autem
826 1383 984 1468 appellari
1019 1384 1127 1467 potuit
1148 1383 1295 1448 Titanus.
1341 1384 1424 1452 Nam
1455 1395 1506 1452 eet
1541 1387 1576 1452 in
1602 1385 1713 1453 Schol.
1734 1387 1834 1454 Hom.
1854 1387 1893 1454 Il
1916 1389 1978 1455 Xl.
1998 1391 2035 1472 ⁵2

368 1490 515 1554 ἰιθωνοῖι
536 1485 567 1548 δὲ
588 1484 629 1562 ὥς
650 1488 677 1547 ει
697 1487 794 1566 tlara
808 1488 953 1549 Ίιιιινοῖο.
997 1486 1135 1552 Accedit
1154 1485 1243 1569 quod
1265 1485 1401 1554 Titanes
1435 1489 1532 1556 etiam
1557 1490 1758 1555 vocabantur
1780 1490 1804 1555 ii
1824 1491 1879 1575 qui
1904 1510 1926 1555 a
1946 1491 2036 1557 Tin·

368 1591 461 1656 uibus
481 1598 577 1656 arant
595 1589 757 1674 prognati,
778 1597 812 1654 ιι
832 1588 878 1654 dii
900 1598 934 1655 et
955 1590 1081 1670 heroos,
1117 1595 1153 1652 ut
1175 1586 1244 1668 Sol,
1266 1587 1369 1670 (linco,
1390 1590 1611 1673 Phaethon,
1641 1593 1865 1676 Prometheae,
1887 1594 2033 1679 Priapus,

369 1693 491 1780 Syceus
512 1693 568 1761 all.
610 1695 653 1760 lit
674 1713 769 1777 quam
790 1691 894 1758 facilis
917 1693 1014 1757 fuerit
1033 1691 1213 1757 fabularum
1229 1691 1352 1773 mixtio,
1375 1691 1428 1758 vel
1444 1694 1519 1759 inde
1533 1697 1755 1778 cognoscitur,
1771 1697 1858 1780 quod
1875 1696 2033 1764 Tithonus

369 1805 405 1862 ιι
425 1795 483 1862 Sol
504 1815 602 1880 saepe
624 1796 810 1862 commutati
825 1801 909 1878 sunt,
933 1795 1093 1861 Tithonus
1109 1795 1206 1860 etiam
1227 1793 1317 1859 filius
1340 1813 1481 1862 aurorae
1502 1805 1537 1862 et
1550 1805 1645 1881 pater
1665 1798 1933 1866 Phaethontis
1954 1799 2035 1866 cele·

370 1901 491 1981 bratur,
514 1899 640 1984 Οιοιιιιι
660 1905 767 1964 autem
789 1899 919 1982 quidam
941 1897 1189 1963 Phaethonti
1212 1918 1232 1963 a
1254 1905 1401 1964 materno
1422 1899 1580 1984 sangnine
1607 1901 1745 1983 iunctus,
1766 1901 1849 1968 alins
1872 1901 2033 1987 Apollinis

369 2001 454 2068 filius
471 2002 540 2068 init.
586 2005 691 2085 Atque
726 2001 833 2080 oham,
870 2019 941 2068 oum
967 1999 1104 2086 Cycnus,
1137 2019 1197 2065 rex
1220 1999 1425 2078 Golonarum,
1462 2021 1556 2086 quem
1578 2021 1690 2068 omnes
1724 2005 1757 2069 h.
1785 2003 1807 2070 1.
1829 2003 2033 2090 intellegunt,

368 2106 567 2190 propinquus
588 2104 709 2170 Priami
728 2104 827 2169 tuisse
849 2103 983 2182 dicatur,
1007 2103 1096 2169 euius
1111 2103 1212 2168 irater
1233 2103 1294 2168 fnit
1307 2105 1477 2183 Tithonus,
1493 2104 1590 2172 facile
1604 2105 1656 2170 hic
1675 2125 1748 2172 aum
1769 2106 1856 2173 illius
1876 2106 1945 2173 filio
1960 2127 2036 2173 eon·

369 2207 459 2274 inndi
480 2208 594 2293 potuit.
640 2207 706 2272 Sed
727 2214 799 2272 utut
819 2226 871 2272 ιιι
893 2227 929 2272 ιι
952 2207 1059 2288 hebet,
1082 2204 1232 2271 Plautum
1255 2207 1423 2290 scripsisse
1445 2208 1631 2273 Titanum
1651 2210 1804 2274 arbitror.

856 2410 889 2477 5.
911 2409 1077 2478 Electrae
1092 2412 1262 2494 Ηλειιιρος,
1282 2427 1356 2478 non
1373 2409 1544 2494 ’.Httarpnv

472 2533 701 2600 Tleoheisenue
738 2531 820 2599 Nor.
841 2553 916 2598 ann.
941 2533 1023 2598 1880
1058 2531 1166 2616 ptos
1187 2532 1342 2616 gensaro
1375 2531 1526 2597 Plautino
1563 2530 1719 2598 lllectri
1740 2534 1856 2617 Amph.
1883 2532 1967 2618 prol
1990 2530 2033 2598 99

371 2636 472 2703 ιιιιιο
493 2634 621 2702 efficere
640 2633 744 2700 voluit
765 2635 895 2702 luisse
884 2654 917 2700 m
940 2655 1060 2720 graeca
1082 2635 1200 2716 tabula,
1233 2654 1329 2719 quam
1364 2633 1527 2718 expressit
1544 2632 1689 2716 Plautus,
1724 2637 1863 2702 nominis
1893 2637 2032 2722 speciem

367 2737 552 2822 Ἠιιιιριιιν,
561 2756 626 2803 non
638 2734 829 2819 Ηιεκιρόων.
862 2744 969 2822 Atque
980 2738 1130 2804 Plautum
1151 2737 1307 2803 nonnulla
1317 2756 1457 2816 nomme,
1465 2756 1552 2820 qnae
1563 2757 1684 2822 graeca
1694 2747 1788 2808 erant
1807 2739 2032 2806 terminatione

370 2867 412 2906 ων
433 2842 521 2908 exitu
542 2845 600 2922 ,us‘
622 2841 761 2907 donasse
788 2849 821 2906 st
858 2840 962 2906 altera
998 2816 1215 2906 declinatione
1251 2842 1380 2907 flexisse
1416 2843 1512 2908 otiam
1535 2841 1752 2908 Buechelerus
1774 2841 1837 2908 Rh.
1860 2843 1943 2910 llus.
1965 2841 2031 2907 XV

370 2947 433 3013 436
454 2943 825 3029 eqqm-libermihiin
846 2963 941 3008 manu
967 2944 1176 3009 nonfuit-
1197 2943 1324 3010 Brixiae
1347 2944 1439 3028 (lapt
1461 2945 1535 3028 559,
1558 2941 1894 3012 1111.901ι11ιιιιιιιι
1937 2945 2033 3024 Quod

371 3059 404 3116 et
425 3057 501 3116 ante
512 3049 540 3134 ¹)
565 3047 657 3114 valde
668 3048 798 3114 dubium
819 3047 895 3112 mihi
913 3046 1082 3112 videbatur
1097 3065 1169 3112 esse
1186 3054 1220 3112 ιι
1232 3047 1461 3114 Fleckeisenus
1474 3046 1669 3130 argumentis
1690 3044 1713 3113 l.
1725 3046 1904 3113 claudatis
1919 3046 2029 3131 explo-

370 3161 475 3219 ratum
489 3171 563 3218 esse
575 3171 617 3217 ιιι
627 3171 713 3216 nuno
726 3150 854 3234 quidem
866 3151 1036 3234 persuasit.
1059 3154 1109 3214 Ae
1125 3150 1259 3233 primum
1274 3149 1401 3234 quidem
1418 3149 1509 3215 illum
1525 3148 1766 3234 metaplasmum
1783 3149 1944 3234 proprium
1957 3168 2030 3234 esse

371 3257 527 3323 sermonis
545 3255 670 3338 antiqui
679 3262 713 3319 et
729 3253 836 3338 plebei
852 3273 902 3318 ιιι.
909 3253 963 3320 dd.
982 3262 1173 3320 statuerunt.
1198 3255 1241 3319 lit
1250 3253 1287 3318 fit
1297 3253 1526 3319 vocabulorum
1546 3253 1580 3318 iu
1595 3254 1657 3318 hoo
1667 3271 1815 3318 sermone
1828 3271 1870 3316 ex
1882 3249 2033 3316 alterain

370 3359 504 3426 alteram
521 3358 691 3423 flexionem
707 3357 870 3437 transitus,
883 3357 941 3422 sed
952 3357 1114 3422 nominum
1125 3359 1166 3422 ab
1177 3355 1242 3421 illis
1253 3377 1383 3441 prorsus
1395 3357 1604 3422 diversorum.
1617 3357 1662 3422 tit
1671 3357 1759 3438 quod
1770 3375 1890 3442 maaca
1900 3355 2029 3419 nomina

368 3463 456 3529 faeta
466 3461 568 3527 latina
582 3461 743 3525 diversam
759 3479 912 3544 agressa
921 3467 1098 3542 sequuntur
1108 3459 1405 3539 declinationem,in
1417 3479 1566 3527 sermone
1577 3464 1709 3545 anhquo
1721 3471 1755 3528 et
1763 3459 1894 3545 plebeio
1906 3457 2032 3543 neglec-

366 3567 408 3632 tis
424 3565 570 3648 stirpium
581 3563 691 3628 lormis
702 3563 805 3627 exitus
817 3563 880 3628 soii
894 3563 1125 3630 vocabulorum
1137 3581 1337 3648 graecorum,
1355 3563 1410 3646 qui
1429 3564 1603 3629 latinorum
1614 3565 1845 3631 vocabulorum
1857 3563 2029 3629 terminati·

370 3669 484 3735 onibus
505 3668 698 3732 videbantur
718 3665 849 3746 similes,
871 3683 970 3751 saepe
992 3666 1264 3750 respiciebantur:
1298 3665 1436 3750 exempli
1457 3685 1557 3731 causa
1578 3685 1619 3732 ex
1639 3667 1765 3733 infinita
1790 3687 1893 3751 paene
1914 3667 2026 3732 harum

368 3792 474 3838 rernm
496 3771 649 3855 congerie
671 3789 886 3835 commemoro
908 3789 981 3836 esse
1003 3768 1219 3834 nominativos
1240 3768 1370 3848 latinos,
1393 3767 1447 3851 qui
1462 3769 1681 3852 respondeant
1695 3771 1822 3854 graecis
1838 3768 2030 3836 accusativis

370 3875 428 3942 cir.
449 3874 650 3959 placenta,
674 3873 859 3954 amphora
878 3868 1051 3955 (ἀμφορέα),
1074 3879 1245 3953 οιιιιιι,
1266 3880 1439 3950 statera,
1462 3872 1619 3938 Crisids
1640 3905 1680 3929 =
1703 3876 1825 3956 Χινῠΐς,
1846 3871 2032 3956 lampada

369 3977 517 4062 (λαμπάς)
539 3997 606 4044 aco.
628 3975 842 4059 lampadam
877 3974 984 4040 Plaut.
1009 3973 1083 4040 (ias.
1105 3973 1164 4042 1v.
1187 3971 1219 4042 4.
1244 3973 1284 4040 16
1307 3972 1398 4060 (780)
1421 3973 1443 4039 l.
1468 3995 1497 4041 v.
1519 3973 1601 4060 plur.
1630 3975 1833 4059 lampadis
1860 3975 1937 4042 Tor.
1962 3975 2024 4042 Ad.

369 4079 442 4162 907,
463 4078 654 4164 lampadis
679 4077 784 4145 Plana
807 4079 892 4144 Men.
915 4077 979 4143 892
1000 4079 1057 4143 eir.
1080 4077 1235 4144 Kuehner
1256 4097 1305 4161 gr.
1333 4076 1392 4144 1.1
1414 4098 1446 4162 p.
1467 4076 1529 4143 321
1553 4103 1581 4159 ρ.
1619 4081 1694 4146 Jam
1716 4079 1847 4144 nomina
1867 4080 1908 4158 ‚a‘
1924 4076 2031 4144 vocali

369 4183 471 4266 finita,
486 4189 648 4266 tamquam
663 4191 773 4247 essent
787 4182 930 4266 stirpium
941 4181 975 4246 in
990 4184 1041 4262 ,a‘,
1058 4180 1271 4246 flectebantur
1288 4179 1439 4247 Calcha
1454 4179 1636 4248 Culcham
1652 4179 1814 4264 Calcha,
1832 4181 2032 4246 Rhadama

370 4287 624 4368 Rhadamam,
659 4284 962 4364 Philema-ae,
998 4285 1490 4364 schema-ae-am-a,
1520 4283 1857 4370 glaucoma—am
1888 4282 1944 4348 all.
1972 4283 2031 4350 cir.

370 4391 498 4458 Kuehn.
520 4390 583 4473 lp.
605 4387 684 4454 316:
707 4395 740 4454 et
760 4388 788 4454 si
808 4397 902 4453 arant
914 4396 1030 4453 neutm
1046 4386 1195 4472 pluralia,
1215 4387 1610 4454 secundaeadhaerebant
1622 4387 1831 4454 declinationi
1845 4393 2032 4470 poemata

373 4529 411 4540 -
429 4513 520 4559 orum
542 4490 597 4558 all.
620 4491 670 4557 De
691 4490 843 4568 eetns‚i
866 4521 906 4546 =
929 4490 962 4551 ro*
979 4493 1062 4568 κῆτος
1082 4497 1116 4557 ιι
1136 4489 1292 4556 similibus
1328 4489 1462 4556 vocibus
1503 4489 1560 4556 cir.
1598 4491 1752 4557 Kuehner
1786 4491 1855 4573 lp
1890 4487 1958 4556 319
1979 4508 2029 4573 sq.

371 4595 510 4664 Nomina
528 4595 660 4679 propria
697 4603 803 4661 autem
829 4613 960 4679 graeca,
993 4593 1116 4660 sivein
1137 4617 1194 4655 ωιτ
1216 4616 1266 4654 ors
1286 4593 1356 4659 sire
1377 4615 1420 4656 or
1440 4615 1474 4653 ον
1495 4593 1564 4658 sive
1600 4593 1697 4660 aliter
1730 4593 1863 4660 exibant
1900 4593 2030 4678 stirpes,

370 4705 479 4768 omnia
498 4701 532 4766 in
553 4719 701 4766 sermone
723 4698 851 4784 plebeio
873 4705 970 4781 atque
993 4697 1137 4782 antiquo,
1160 4697 1256 4764 stiam
1276 4698 1311 4761 in
1325 4695 1434 4762 Plauti
1447 4697 1575 4777 sabulis,
1598 4715 1691 4764 casus
1708 4695 1857 4779 obliquos
1870 4695 2028 4778 lecerunt,

370 4824 453 4889 quos
475 4804 577 4872 latina
597 4803 728 4868 nomina
747 4803 781 4867 iu
802 4822 823 4867 o
845 4798 933 4886 (on):
955 4801 1181 4886 Antipho-
1197 4801 1268 4866 onie
1290 4799 1345 4866 all
1368 4799 1426 4866 ιιι.
1448 4801 1576 4868 Kuehn.
1598 4801 1615 4866 1
1637 4821 1668 4886 p.
1693 4799 1763 4881 186,
1786 4800 1834 4865 Jo
1852 4799 2029 4866 -oni-

370 4927 444 4987 one,
465 4905 620 4972 Dido-
636 4925 709 4974 one.
754 4905 826 4984 Quo
847 4903 967 4970 sactum
986 4911 1048 4987 est,
1071 4911 1107 4968 nt
1129 4902 1226 4969 etiam
1246 4903 1444 4969 deminutiva
1463 4904 1496 4969 in
1517 4925 1563 4966 ιον
1581 4906 1616 4968 in
1637 4900 1737 4968 sodis
1753 4901 1968 4984 flecterentur,
1990 4921 2030 4970 ac

369 5011 398 5077 ai
420 5017 530 5077 essent
550 5009 667 5094 stirpes
687 5012 750 5092 ,on‘
770 5007 894 5074 finitae:
927 5005 1110 5086 Φιλημάτιον
1132 5004 1458 5090 Philemationis,
1490 5003 1659 5090 Χρυσάριον
1684 5001 1951 5090 (lhrysarioni
1972 5003 2029 5071 all.

444 5183 463 5250 ¹)
480 5177 530 5234 cir.
547 5195 724 5250 programma
741 5195 834 5234 meum
851 5177 887 5233 de
905 5180 1010 5234 nomin.
1028 5193 1123 5247 propr.
1140 5193 1170 5247 p.
1186 5179 1220 5232 ³⁶
1239 5175 1393 5232 Petschkau
1413 5177 1490 5231 tato.
